<?xml version="1.0" encoding="UTF-8"?>
<!DOCTYPE html PUBLIC "-//W3C//DTD XHTML 1.0 Transitional//EN"
    "http://www.w3.org/TR/xhtml1/DTD/xhtml1-transitional.dtd">
<html xmlns="http://www.w3.org/1999/xhtml" xml:lang="en" lang="en">
 <head>
  <title>
</title>
<meta http-equiv="Content-Type" content="text/html;charset=utf-8" />
  <meta name='ocr-system' content='tesseract 3.04.00' />
  <meta name='ocr-capabilities' content='ocr_page ocr_carea ocr_par ocr_line ocrx_word'/>
</head>
<body>
  <div class='ocr_page' id='page_1' title='image "./explicatiospino00boumgoog_0056.png"; bbox 0 0 2642 4484; ppageno 0'>
   <div class='ocr_carea' id='block_1_1' title="bbox 683 217 735 294">
    <p class='ocr_par' dir='ltr' id='par_1_1' title="bbox 683 217 735 294">
     <span class='ocr_line' id='line_1_1' title="bbox 683 217 735 294; baseline 0 0"><span class='ocrx_word' id='word_1_1' title='bbox 683 217 735 294; x_wconf 78' lang='lat' dir='ltr'><strong>ts</strong></span> 
     </span>
    </p>
   </div>
   <div class='ocr_carea' id='block_1_2' title="bbox 174 405 1300 2228">
    <p class='ocr_par' dir='ltr' id='par_1_2' title="bbox 174 405 1300 2228">
     <span class='ocr_line' id='line_1_2' title="bbox 207 405 1207 512; baseline -0.008 -24"><span class='ocrx_word' id='word_1_2' title='bbox 207 409 465 512; x_wconf 80' lang='lat' dir='ltr'><strong>„Spinonajn</strong></span> <span class='ocrx_word' id='word_1_3' title='bbox 494 406 820 481; x_wconf 77' lang='lat' dir='ltr'><strong>demonstratione</strong></span> <span class='ocrx_word' id='word_1_4' title='bbox 847 431 959 506; x_wconf 87' lang='lat' dir='ltr'><strong>prop.</strong></span> <span class='ocrx_word' id='word_1_5' title='bbox 983 413 1087 482; x_wconf 81' lang='lat' dir='ltr'><strong>vm.</strong></span> <span class='ocrx_word' id='word_1_6' title='bbox 1117 405 1207 480; x_wconf 85' lang='lat' dir='ltr'><strong>infi-</strong></span> 
     </span>
     <span class='ocr_line' id='line_1_3' title="bbox 206 539 1205 637; baseline -0.009 -18"><span class='ocrx_word' id='word_1_7' title='bbox 206 547 353 636; x_wconf 82' lang='lat' dir='ltr'><strong>„nitam</strong></span> <span class='ocrx_word' id='word_1_8' title='bbox 383 565 462 614; x_wconf 87' lang='lat' dir='ltr'><strong>esse</strong></span> <span class='ocrx_word' id='word_1_9' title='bbox 480 540 746 626; x_wconf 79' lang='lat' dir='ltr'><strong>substantiam,</strong></span> <span class='ocrx_word' id='word_1_10' title='bbox 780 541 870 637; x_wconf 81' lang='lat' dir='ltr'><strong>quio</strong></span> <span class='ocrx_word' id='word_1_11' title='bbox 899 541 933 612; x_wconf 90' lang='lat' dir='ltr'><strong>si</strong></span> <span class='ocrx_word' id='word_1_12' title='bbox 958 539 1069 612; x_wconf 82' lang='lat' dir='ltr'><strong>finita</strong></span> <span class='ocrx_word' id='word_1_13' title='bbox 1094 557 1205 627; x_wconf 82' lang='lat' dir='ltr'><strong>esset,</strong></span> 
     </span>
     <span class='ocr_line' id='line_1_4' title="bbox 208 671 1207 772; baseline -0.011 -18"><span class='ocrx_word' id='word_1_14' title='bbox 208 678 309 768; x_wconf 73' lang='lat' dir='ltr'><strong>„alit</strong></span> <span class='ocrx_word' id='word_1_15' title='bbox 343 671 551 748; x_wconf 78' lang='lat' dir='ltr'><strong>substantii</strong></span> <span class='ocrx_word' id='word_1_16' title='bbox 581 671 776 755; x_wconf 82' lang='lat' dir='ltr'><strong>finiretur.</strong></span> <span class='ocrx_word' id='word_1_17' title='bbox 807 699 904 770; x_wconf 85' lang='lat' dir='ltr'><strong>quae</strong></span> <span class='ocrx_word' id='word_1_18' title='bbox 934 675 1077 772; x_wconf 85' lang='lat' dir='ltr'><strong>pariter</strong></span> <span class='ocrx_word' id='word_1_19' title='bbox 1108 689 1207 744; x_wconf 84' lang='lat' dir='ltr'><strong>esset</strong></span> 
     </span>
     <span class='ocr_line' id='line_1_5' title="bbox 207 804 1206 903; baseline -0.009 -18"><span class='ocrx_word' id='word_1_20' title='bbox 207 811 364 903; x_wconf 80' lang='lat' dir='ltr'><strong>„linita3</strong></span> <span class='ocrx_word' id='word_1_21' title='bbox 389 830 477 880; x_wconf 77' lang='lat' dir='ltr'><strong>nam</strong></span> <span class='ocrx_word' id='word_1_22' title='bbox 500 804 712 877; x_wconf 81' lang='lat' dir='ltr'><strong>secundum</strong></span> <span class='ocrx_word' id='word_1_23' title='bbox 735 805 855 879; x_wconf 80' lang='lat' dir='ltr'><strong>defin.</strong></span> <span class='ocrx_word' id='word_1_24' title='bbox 880 812 931 879; x_wconf 91' lang='lat'><strong>11.</strong></span> <span class='ocrx_word' id='word_1_25' title='bbox 979 812 1033 878; x_wconf 80' lang='lat' dir='ltr'><strong>Es</strong></span> <span class='ocrx_word' id='word_1_26' title='bbox 1062 829 1124 876; x_wconf 87' lang='lat' dir='ltr'><strong>res</strong></span> <span class='ocrx_word' id='word_1_27' title='bbox 1151 805 1206 876; x_wconf 89' lang='lat' dir='ltr'><strong>di·</strong></span> 
     </span>
     <span class='ocr_line' id='line_1_6' title="bbox 207 926 1298 1037; baseline -0.009 -18"><span class='ocrx_word' id='word_1_28' title='bbox 207 946 334 1035; x_wconf 87' lang='lat' dir='ltr'><strong>„citur</strong></span> <span class='ocrx_word' id='word_1_29' title='bbox 355 942 398 1012; x_wconf 88' lang='lat' dir='ltr'><strong>in</strong></span> <span class='ocrx_word' id='word_1_30' title='bbox 422 963 492 1011; x_wconf 83' lang='lat' dir='ltr'><strong>suo</strong></span> <span class='ocrx_word' id='word_1_31' title='bbox 512 959 649 1034; x_wconf 81' lang='lat' dir='ltr'><strong>genere</strong></span> <span class='ocrx_word' id='word_1_32' title='bbox 666 937 789 1023; x_wconf 81' lang='lat' dir='ltr'><strong>finita,</strong></span> <span class='ocrx_word' id='word_1_33' title='bbox 814 964 911 1037; x_wconf 79' lang='lat' dir='ltr'><strong>quse</strong></span> <span class='ocrx_word' id='word_1_34' title='bbox 936 939 1010 1012; x_wconf 75' lang='lat' dir='ltr'><strong>ulii</strong></span> <span class='ocrx_word' id='word_1_35' title='bbox 1035 935 1207 1027; x_wconf 81' lang='lat' dir='ltr'><strong>ejusdem</strong></span> <span class='ocrx_word' id='word_1_36' title='bbox 1297 926 1298 933; x_wconf 7' lang='grc' dir='ltr'>ἵ</span> 
     </span>
     <span class='ocr_line' id='line_1_7' title="bbox 209 1071 1207 1166; baseline -0.009 -16"><span class='ocrx_word' id='word_1_37' title='bbox 209 1089 390 1166; x_wconf 84' lang='lat' dir='ltr'><strong>„naturae</strong></span> <span class='ocrx_word' id='word_1_38' title='bbox 422 1071 669 1144; x_wconf 82' lang='lat' dir='ltr'><strong>determinari</strong></span> <span class='ocrx_word' id='word_1_39' title='bbox 692 1088 837 1166; x_wconf 76' lang='lat' dir='ltr'><strong>potestt</strong></span> <span class='ocrx_word' id='word_1_40' title='bbox 861 1098 941 1145; x_wconf 88' lang='lat' dir='ltr'><strong>non</strong></span> <span class='ocrx_word' id='word_1_41' title='bbox 966 1089 1095 1144; x_wconf 82' lang='lat' dir='ltr'><strong>nutem</strong></span> <span class='ocrx_word' id='word_1_42' title='bbox 1119 1073 1207 1142; x_wconf 89' lang='lat' dir='ltr'><strong>sub-</strong></span> 
     </span>
     <span class='ocr_line' id='line_1_8' title="bbox 208 1195 1207 1302; baseline -0.004 -20"><span class='ocrx_word' id='word_1_43' title='bbox 208 1206 371 1298; x_wconf 84' lang='lat' dir='ltr'><strong>„stantia</strong></span> <span class='ocrx_word' id='word_1_44' title='bbox 396 1203 469 1276; x_wconf 76' lang='lat' dir='ltr'><strong>alit</strong></span> <span class='ocrx_word' id='word_1_45' title='bbox 493 1203 703 1275; x_wconf 75' lang='lat' dir='ltr'><strong>substantii</strong></span> <span class='ocrx_word' id='word_1_46' title='bbox 726 1220 854 1300; x_wconf 88' lang='lat' dir='ltr'><strong>potest</strong></span> <span class='ocrx_word' id='word_1_47' title='bbox 879 1204 1002 1292; x_wconf 83' lang='lat' dir='ltr'><strong>finiri,</strong></span> <span class='ocrx_word' id='word_1_48' title='bbox 1035 1195 1093 1276; x_wconf 81' lang='lat' dir='ltr'><strong>est</strong></span> <span class='ocrx_word' id='word_1_49' title='bbox 1108 1227 1207 1302; x_wconf 18' lang='lat' dir='ltr'><strong>&#39;ergo</strong></span> 
     </span>
     <span class='ocr_line' id='line_1_9' title="bbox 209 1335 1205 1433; baseline -0.004 -19"><span class='ocrx_word' id='word_1_50' title='bbox 209 1338 396 1431; x_wconf 69' lang='lat' dir='ltr'><strong>„infinite</strong></span> <span class='ocrx_word' id='word_1_51' title='bbox 447 1343 496 1406; x_wconf 86' lang='lat' dir='ltr'><strong>Et</strong></span> <span class='ocrx_word' id='word_1_52' title='bbox 519 1335 642 1410; x_wconf 81' lang='lat' dir='ltr'><strong>schol.</strong></span> <span class='ocrx_word' id='word_1_53' title='bbox 667 1342 699 1410; x_wconf 80' lang='grc' dir='ltr'><strong>Ι.</strong></span> <span class='ocrx_word' id='word_1_54' title='bbox 722 1360 833 1433; x_wconf 86' lang='lat' dir='ltr'><strong>prop.</strong></span> <span class='ocrx_word' id='word_1_55' title='bbox 858 1345 958 1410; x_wconf 84' lang='lat' dir='ltr'><strong>VIH.</strong></span> <span class='ocrx_word' id='word_1_56' title='bbox 991 1343 1033 1412; x_wconf 84' lang='grc' dir='ltr'><strong>Ρ.</strong></span> <span class='ocrx_word' id='word_1_57' title='bbox 1059 1343 1090 1410; x_wconf 91' lang='grc' dir='ltr'><strong>Ι.</strong></span> <span class='ocrx_word' id='word_1_58' title='bbox 1115 1338 1205 1410; x_wconf 79' lang='grc' dir='ltr'>ΕιΙι.</span> 
     </span>
     <span class='ocr_line' id='line_1_10' title="bbox 207 1469 1208 1569; baseline -0.006 -23"><span class='ocrx_word' id='word_1_59' title='bbox 207 1479 330 1564; x_wconf 86' lang='lat' dir='ltr'><strong>„Cum</strong></span> <span class='ocrx_word' id='word_1_60' title='bbox 353 1469 508 1542; x_wconf 85' lang='lat' dir='ltr'><strong>finitum</strong></span> <span class='ocrx_word' id='word_1_61' title='bbox 531 1469 582 1541; x_wconf 87' lang='lat' dir='ltr'><strong>sit</strong></span> <span class='ocrx_word' id='word_1_62' title='bbox 606 1492 654 1541; x_wconf 82' lang='lat' dir='ltr'><strong>ex</strong></span> <span class='ocrx_word' id='word_1_63' title='bbox 678 1487 787 1564; x_wconf 85' lang='lat' dir='ltr'><strong>parte</strong></span> <span class='ocrx_word' id='word_1_64' title='bbox 809 1473 981 1569; x_wconf 79' lang='lat' dir='ltr'><strong>negatio.</strong></span> <span class='ocrx_word' id='word_1_65' title='bbox 1016 1487 1056 1539; x_wconf 90' lang='lat' dir='ltr'><strong>et</strong></span> <span class='ocrx_word' id='word_1_66' title='bbox 1078 1469 1208 1540; x_wconf 87' lang='lat' dir='ltr'><strong>infmi-</strong></span> 
     </span>
     <span class='ocr_line' id='line_1_11' title="bbox 208 1595 1206 1697; baseline -0.006 -17"><span class='ocrx_word' id='word_1_67' title='bbox 208 1625 318 1697; x_wconf 83' lang='lat' dir='ltr'><strong>„tum</strong></span> <span class='ocrx_word' id='word_1_68' title='bbox 349 1602 527 1682; x_wconf 67' lang='lat' dir='ltr'><strong>absoluta,</strong></span> <span class='ocrx_word' id='word_1_69' title='bbox 553 1595 756 1676; x_wconf 80' lang='lat' dir='ltr'><strong>affirmatio</strong></span> <span class='ocrx_word' id='word_1_70' title='bbox 791 1603 1016 1676; x_wconf 81' lang='lat' dir='ltr'><strong>existentiae</strong></span> <span class='ocrx_word' id='word_1_71' title='bbox 1047 1602 1206 1694; x_wconf 80' lang='lat' dir='ltr'><strong>alicujus</strong></span> 
     </span>
     <span class='ocr_line' id='line_1_12' title="bbox 208 1711 1207 1830; baseline -0.007 -18"><span class='ocrx_word' id='word_1_72' title='bbox 208 1758 408 1830; x_wconf 82' lang='lat' dir='ltr'><strong>„naturae3</strong></span> <span class='ocrx_word' id='word_1_73' title='bbox 448 1737 620 1830; x_wconf 87' lang='lat' dir='ltr'><strong>sequitur</strong></span> <span class='ocrx_word' id='word_1_74' title='bbox 655 1758 809 1808; x_wconf 90' lang='lat' dir='ltr'><strong>omnem</strong></span> <span class='ocrx_word' id='word_1_75' title='bbox 846 1711 1096 1809; x_wconf 81' lang='lat' dir='ltr'><strong>substantiam</strong></span> <span class='ocrx_word' id='word_1_76' title='bbox 1130 1760 1207 1808; x_wconf 86' lang='lat' dir='ltr'><strong>esse</strong></span> 
     </span>
     <span class='ocr_line' id='line_1_13' title="bbox 208 1867 1208 1965; baseline -0.008 -26"><span class='ocrx_word' id='word_1_77' title='bbox 208 1867 442 1961; x_wconf 67' lang='lat' dir='ltr'><strong>„infinitam</strong></span> <span class='ocrx_word' id='word_1_78' title='bbox 472 1891 562 1938; x_wconf 81' lang='lat' dir='ltr'><strong>nam</strong></span> <span class='ocrx_word' id='word_1_79' title='bbox 585 1867 797 1939; x_wconf 88' lang='lat' dir='ltr'><strong>secundum</strong></span> <span class='ocrx_word' id='word_1_80' title='bbox 820 1893 931 1965; x_wconf 83' lang='lat' dir='ltr'><strong>prop.</strong></span> <span class='ocrx_word' id='word_1_81' title='bbox 957 1875 1038 1943; x_wconf 88' lang='lat' dir='ltr'><strong>VII.</strong></span> <span class='ocrx_word' id='word_1_82' title='bbox 1072 1869 1121 1942; x_wconf 85' lang='lat' dir='ltr'><strong>od</strong></span> <span class='ocrx_word' id='word_1_83' title='bbox 1144 1892 1208 1939; x_wconf 82' lang='lat' dir='ltr'><strong>ns.</strong></span> 
     </span>
     <span class='ocr_line' id='line_1_14' title="bbox 192 1998 1300 2093; baseline -0.004 -20"><span class='ocrx_word' id='word_1_84' title='bbox 192 2020 359 2092; x_wconf 71' lang='lat' dir='ltr'><strong>&#39;„turam</strong></span> <span class='ocrx_word' id='word_1_85' title='bbox 388 1998 557 2093; x_wconf 86' lang='lat' dir='ltr'><strong>pertinet</strong></span> <span class='ocrx_word' id='word_1_86' title='bbox 592 1999 822 2070; x_wconf 81' lang='lat' dir='ltr'><strong>substantiae</strong></span> <span class='ocrx_word' id='word_1_87' title='bbox 854 2018 900 2071; x_wconf 90' lang='lat' dir='ltr'><strong>ut</strong></span> <span class='ocrx_word' id='word_1_88' title='bbox 937 2003 1093 2093; x_wconf 77' lang='lat' dir='ltr'><strong>existat3</strong></span> <span class='ocrx_word' id='word_1_89' title='bbox 1129 2024 1209 2074; x_wconf 90' lang='lat' dir='ltr'><strong>non</strong></span> <span class='ocrx_word' id='word_1_90' title='bbox 1299 2000 1300 2049; x_wconf 53' lang='grc' dir='ltr'><strong>ἶ</strong></span> 
     </span>
     <span class='ocr_line' id='line_1_15' title="bbox 174 2104 1300 2228; baseline -0.009 -20"><span class='ocrx_word' id='word_1_91' title='bbox 174 2104 176 2110; x_wconf 26' lang='lat'><strong><em>¹</em></strong></span> <span class='ocrx_word' id='word_1_92' title='bbox 208 2135 396 2226; x_wconf 82' lang='lat' dir='ltr'><strong>„existere</strong></span> <span class='ocrx_word' id='word_1_93' title='bbox 421 2130 551 2228; x_wconf 82' lang='lat' dir='ltr'><strong>igitur,</strong></span> <span class='ocrx_word' id='word_1_94' title='bbox 575 2121 682 2200; x_wconf 80' lang='lat' dir='ltr'><strong>finiri</strong></span> <span class='ocrx_word' id='word_1_95' title='bbox 705 2153 783 2201; x_wconf 89' lang='lat' dir='ltr'><strong>non</strong></span> <span class='ocrx_word' id='word_1_96' title='bbox 806 2147 945 2228; x_wconf 87' lang='lat' dir='ltr'><strong>potest</strong></span> <span class='ocrx_word' id='word_1_97' title='bbox 948 2137 972 2171; x_wconf 81' lang='lat'><strong>‘⁴</strong></span> <span class='ocrx_word' id='word_1_98' title='bbox 1299 2104 1300 2107; x_wconf 8' lang='grc' dir='ltr'><strong>Ἴ</strong></span> 
     </span>
    </p>
   </div>
   <div class='ocr_carea' id='block_1_3' title="bbox 296 2238 1302 2435">
    <p class='ocr_par' dir='ltr' id='par_1_3' title="bbox 296 2238 1302 2435">
     <span class='ocr_line' id='line_1_16' title="bbox 296 2238 1302 2435; baseline -0.01 -95"><span class='ocrx_word' id='word_1_99' title='bbox 296 2264 372 2340; x_wconf 83' lang='lat' dir='ltr'><strong>Sed</strong></span> <span class='ocrx_word' id='word_1_100' title='bbox 385 2287 427 2334; x_wconf 84' lang='lat' dir='ltr'><strong>ea</strong></span> <span class='ocrx_word' id='word_1_101' title='bbox 439 2257 970 2336; x_wconf 79' lang='lat' dir='ltr'><strong>fimtrosubstonnaremotro</strong></span> <span class='ocrx_word' id='word_1_102' title='bbox 980 2260 1088 2334; x_wconf 75' lang='lat' dir='ltr'><strong>ideae</strong></span> <span class='ocrx_word' id='word_1_103' title='bbox 1101 2261 1212 2332; x_wconf 87' lang='lat' dir='ltr'><strong>abso</strong></span> <span class='ocrx_word' id='word_1_104' title='bbox 1300 2238 1302 2435; x_wconf 53' lang='grc' dir='ltr'>ἶ</span> 
     </span>
    </p>
   </div>
   <div class='ocr_carea' id='block_1_4' title="bbox 205 2389 1213 3925">
    <p class='ocr_par' dir='ltr' id='par_1_4' title="bbox 205 2389 1213 3822">
     <span class='ocr_line' id='line_1_17' title="bbox 207 2389 1210 2491; baseline -0.009 -16"><span class='ocrx_word' id='word_1_105' title='bbox 207 2406 290 2476; x_wconf 84' lang='lat' dir='ltr'><strong>luto</strong></span> <span class='ocrx_word' id='word_1_106' title='bbox 315 2423 354 2470; x_wconf 86' lang='lat' dir='ltr'><strong>se</strong></span> <span class='ocrx_word' id='word_1_107' title='bbox 373 2396 659 2468; x_wconf 86' lang='lat' dir='ltr'><strong>determinantis</strong></span> <span class='ocrx_word' id='word_1_108' title='bbox 674 2392 921 2491; x_wconf 85' lang='lat' dir='ltr'><strong>linientisque</strong></span> <span class='ocrx_word' id='word_1_109' title='bbox 940 2389 1112 2468; x_wconf 84' lang='lat' dir='ltr'><strong>infinitio</strong></span> <span class='ocrx_word' id='word_1_110' title='bbox 1127 2419 1210 2466; x_wconf 92' lang='lat' dir='ltr'><strong>non</strong></span> 
     </span>
     <span class='ocr_line' id='line_1_18' title="bbox 210 2523 1211 2604; baseline -0.006 0"><span class='ocrx_word' id='word_1_111' title='bbox 210 2549 278 2604; x_wconf 86' lang='lat' dir='ltr'><strong>est.</strong></span> <span class='ocrx_word' id='word_1_112' title='bbox 326 2530 564 2601; x_wconf 84' lang='lat' dir='ltr'><strong>Substantiae</strong></span> <span class='ocrx_word' id='word_1_113' title='bbox 590 2523 797 2601; x_wconf 81' lang='lat' dir='ltr'><strong>efficientia</strong></span> <span class='ocrx_word' id='word_1_114' title='bbox 819 2523 962 2601; x_wconf 87' lang='lat' dir='ltr'><strong>finibus</strong></span> <span class='ocrx_word' id='word_1_115' title='bbox 988 2527 1211 2600; x_wconf 85' lang='lat' dir='ltr'><strong>inclusionis</strong></span> 
     </span>
     <span class='ocr_line' id='line_1_19' title="bbox 209 2656 1212 2757; baseline -0.011 -18"><span class='ocrx_word' id='word_1_116' title='bbox 209 2656 457 2738; x_wconf 83' lang='lat' dir='ltr'><strong>excludendis</strong></span> <span class='ocrx_word' id='word_1_117' title='bbox 475 2660 689 2754; x_wconf 84' lang='lat' dir='ltr'><strong>explicatur</strong></span> <span class='ocrx_word' id='word_1_118' title='bbox 698 2661 989 2757; x_wconf 81' lang='lat' dir='ltr'><strong>perficiturque.</strong></span> <span class='ocrx_word' id='word_1_119' title='bbox 1016 2665 1143 2757; x_wconf 84' lang='lat' dir='ltr'><strong>Quum</strong></span> <span class='ocrx_word' id='word_1_120' title='bbox 1160 2656 1212 2729; x_wconf 82' lang='lat' dir='ltr'><strong>ad</strong></span> 
     </span>
     <span class='ocr_line' id='line_1_20' title="bbox 206 2790 1211 2898; baseline -0.01 -28"><span class='ocrx_word' id='word_1_121' title='bbox 206 2793 484 2898; x_wconf 80' lang='lat' dir='ltr'><strong>perfectionem</strong></span> <span class='ocrx_word' id='word_1_122' title='bbox 507 2790 607 2862; x_wconf 86' lang='lat' dir='ltr'><strong>hanc</strong></span> <span class='ocrx_word' id='word_1_123' title='bbox 630 2815 737 2863; x_wconf 86' lang='lat' dir='ltr'><strong>suam</strong></span> <span class='ocrx_word' id='word_1_124' title='bbox 761 2809 819 2862; x_wconf 87' lang='lat' dir='ltr'><strong>est</strong></span> <span class='ocrx_word' id='word_1_125' title='bbox 843 2815 1058 2888; x_wconf 83' lang='lat' dir='ltr'><strong>progressa,</strong></span> <span class='ocrx_word' id='word_1_126' title='bbox 1089 2813 1211 2887; x_wconf 90' lang='lat' dir='ltr'><strong>quum</strong></span> 
     </span>
     <span class='ocr_line' id='line_1_21' title="bbox 207 2923 1210 3020; baseline -0.009 -17"><span class='ocrx_word' id='word_1_127' title='bbox 207 2925 350 3004; x_wconf 82' lang='lat' dir='ltr'><strong>effectu</strong></span> <span class='ocrx_word' id='word_1_128' title='bbox 372 2948 463 2998; x_wconf 81' lang='lat' dir='ltr'><strong>vere</strong></span> <span class='ocrx_word' id='word_1_129' title='bbox 488 2923 636 3014; x_wconf 82' lang='lat' dir='ltr'><strong>existit3</strong></span> <span class='ocrx_word' id='word_1_130' title='bbox 662 2923 801 3011; x_wconf 84' lang='lat' dir='ltr'><strong>finem,</strong></span> <span class='ocrx_word' id='word_1_131' title='bbox 833 2926 901 3020; x_wconf 90' lang='lat' dir='ltr'><strong>qui</strong></span> <span class='ocrx_word' id='word_1_132' title='bbox 931 2925 1125 2998; x_wconf 82' lang='lat' dir='ltr'><strong>antecedit</strong></span> <span class='ocrx_word' id='word_1_133' title='bbox 1151 2925 1210 2994; x_wconf 90' lang='lat' dir='ltr'><strong>in·</strong></span> 
     </span>
     <span class='ocr_line' id='line_1_22' title="bbox 206 3053 1212 3156; baseline -0.007 -21"><span class='ocrx_word' id='word_1_134' title='bbox 206 3062 378 3135; x_wconf 82' lang='lat' dir='ltr'><strong>elusione</strong></span> <span class='ocrx_word' id='word_1_135' title='bbox 395 3061 462 3132; x_wconf 86' lang='lat' dir='ltr'><strong>illa</strong></span> <span class='ocrx_word' id='word_1_136' title='bbox 478 3057 707 3156; x_wconf 69' lang='lat' dir='ltr'><strong>implicatus,</strong></span> <span class='ocrx_word' id='word_1_137' title='bbox 732 3053 794 3114; x_wconf 82' lang='grc'><strong>-’</strong></span> <span class='ocrx_word' id='word_1_138' title='bbox 805 3058 988 3154; x_wconf 77' lang='lat' dir='ltr'><strong>quoniam</strong></span> <span class='ocrx_word' id='word_1_139' title='bbox 1008 3058 1104 3128; x_wconf 90' lang='lat' dir='ltr'><strong>haec</strong></span> <span class='ocrx_word' id='word_1_140' title='bbox 1121 3057 1212 3128; x_wconf 88' lang='lat' dir='ltr'><strong>sirn-</strong></span> 
     </span>
     <span class='ocr_line' id='line_1_23' title="bbox 205 3189 1211 3293; baseline -0.002 -29"><span class='ocrx_word' id='word_1_141' title='bbox 205 3192 359 3293; x_wconf 86' lang='lat' dir='ltr'><strong>pliciter</strong></span> <span class='ocrx_word' id='word_1_142' title='bbox 383 3192 603 3290; x_wconf 81' lang='lat' dir='ltr'><strong>excluditur</strong></span> <span class='ocrx_word' id='word_1_143' title='bbox 628 3191 885 3278; x_wconf 82' lang='lat' dir='ltr'><strong>conclusione,</strong></span> <span class='ocrx_word' id='word_1_144' title='bbox 908 3229 960 3265; x_wconf 67' lang='lat'><strong>-—</strong></span> <span class='ocrx_word' id='word_1_145' title='bbox 981 3214 1061 3263; x_wconf 90' lang='lat' dir='ltr'><strong>non</strong></span> <span class='ocrx_word' id='word_1_146' title='bbox 1090 3189 1211 3262; x_wconf 82' lang='lat' dir='ltr'><strong>habet</strong></span> 
     </span>
     <span class='ocr_line' id='line_1_24' title="bbox 205 3319 1212 3420; baseline -0.006 -20"><span class='ocrx_word' id='word_1_147' title='bbox 205 3329 249 3400; x_wconf 90' lang='lat' dir='ltr'><strong>in</strong></span> <span class='ocrx_word' id='word_1_148' title='bbox 271 3348 311 3396; x_wconf 87' lang='lat' dir='ltr'><strong>se</strong></span> <span class='ocrx_word' id='word_1_149' title='bbox 334 3323 416 3417; x_wconf 82' lang='lat' dir='ltr'><strong>ipss</strong></span> <span class='ocrx_word' id='word_1_150' title='bbox 438 3323 512 3394; x_wconf 87' lang='lat' dir='ltr'><strong>nisi</strong></span> <span class='ocrx_word' id='word_1_151' title='bbox 535 3325 780 3409; x_wconf 79' lang='lat' dir='ltr'><strong>exstinctum,</strong></span> <span class='ocrx_word' id='word_1_152' title='bbox 805 3347 930 3420; x_wconf 85' lang='lat' dir='ltr'><strong>neque</strong></span> <span class='ocrx_word' id='word_1_153' title='bbox 955 3321 1005 3394; x_wconf 81' lang='lat' dir='ltr'><strong>ad</strong></span> <span class='ocrx_word' id='word_1_154' title='bbox 1029 3345 1117 3392; x_wconf 87' lang='lat' dir='ltr'><strong>eum</strong></span> <span class='ocrx_word' id='word_1_155' title='bbox 1134 3319 1212 3394; x_wconf 89' lang='lat' dir='ltr'><strong>nisi</strong></span> 
     </span>
     <span class='ocr_line' id='line_1_25' title="bbox 209 3453 1212 3562; baseline -0.002 -34"><span class='ocrx_word' id='word_1_156' title='bbox 209 3460 258 3534; x_wconf 76' lang='lat' dir='ltr'><strong>ad</strong></span> <span class='ocrx_word' id='word_1_157' title='bbox 283 3458 448 3534; x_wconf 81' lang='lat' dir='ltr'><strong>alienum</strong></span> <span class='ocrx_word' id='word_1_158' title='bbox 471 3453 647 3562; x_wconf 80' lang='lat' dir='ltr'><strong>refertur.</strong></span> <span class='ocrx_word' id='word_1_159' title='bbox 697 3457 784 3527; x_wconf 87' lang='lat' dir='ltr'><strong>Sive</strong></span> <span class='ocrx_word' id='word_1_160' title='bbox 808 3479 929 3552; x_wconf 90' lang='lat' dir='ltr'><strong>quum</strong></span> <span class='ocrx_word' id='word_1_161' title='bbox 951 3454 1116 3527; x_wconf 83' lang='lat' dir='ltr'><strong>inclusio</strong></span> <span class='ocrx_word' id='word_1_162' title='bbox 1129 3453 1212 3526; x_wconf 75' lang='lat' dir='ltr'><strong>&#39;illa</strong></span> 
     </span>
     <span class='ocr_line' id='line_1_26' title="bbox 208 3585 1212 3688; baseline -0.007 -24"><span class='ocrx_word' id='word_1_163' title='bbox 208 3615 248 3664; x_wconf 90' lang='lat' dir='ltr'><strong>se</strong></span> <span class='ocrx_word' id='word_1_164' title='bbox 279 3593 360 3688; x_wconf 86' lang='lat' dir='ltr'><strong>ipss</strong></span> <span class='ocrx_word' id='word_1_165' title='bbox 392 3613 413 3659; x_wconf 85' lang='lat' dir='ltr'>a</span> <span class='ocrx_word' id='word_1_166' title='bbox 447 3608 486 3658; x_wconf 87' lang='lat' dir='ltr'><strong>sc</strong></span> <span class='ocrx_word' id='word_1_167' title='bbox 523 3586 704 3658; x_wconf 75' lang='lat' dir='ltr'><strong>excludet</strong></span> <span class='ocrx_word' id='word_1_168' title='bbox 744 3585 1025 3684; x_wconf 82' lang='lat' dir='ltr'><strong>concludstque</strong></span> <span class='ocrx_word' id='word_1_169' title='bbox 1059 3606 1212 3684; x_wconf 77' lang='lat' dir='ltr'><strong>secum3</strong></span> 
     </span>
     <span class='ocr_line' id='line_1_27' title="bbox 209 3716 1213 3822; baseline -0.016 -19"><span class='ocrx_word' id='word_1_170' title='bbox 209 3726 296 3802; x_wconf 79' lang='lat' dir='ltr'><strong>finis</strong></span> <span class='ocrx_word' id='word_1_171' title='bbox 320 3723 437 3822; x_wconf 87' lang='lat' dir='ltr'><strong>ipsius</strong></span> <span class='ocrx_word' id='word_1_172' title='bbox 460 3721 503 3793; x_wconf 88' lang='lat' dir='ltr'><strong>in</strong></span> <span class='ocrx_word' id='word_1_173' title='bbox 525 3716 784 3792; x_wconf 73' lang='lat' dir='ltr'><strong>induitionem</strong></span> <span class='ocrx_word' id='word_1_174' title='bbox 808 3742 1010 3793; x_wconf 78' lang='lat' dir='ltr'><strong>convertus</strong></span> <span class='ocrx_word' id='word_1_175' title='bbox 1030 3740 1150 3814; x_wconf 78' lang='lat' dir='ltr'><strong>seque</strong></span> <span class='ocrx_word' id='word_1_176' title='bbox 1167 3739 1213 3788; x_wconf 87' lang='lat' dir='ltr'><strong>se</strong></span> 
     </span>
    </p>

    <p class='ocr_par' dir='ltr' id='par_1_5' title="bbox 1118 3871 1212 3925">
     <span class='ocr_line' id='line_1_28' title="bbox 1118 3871 1212 3925; baseline -0.032 0"><span class='ocrx_word' id='word_1_177' title='bbox 1118 3871 1212 3925; x_wconf 85' lang='lat' dir='ltr'><strong>con·</strong></span> 
     </span>
    </p>
   </div>
   <div class='ocr_carea' id='block_1_5' title="bbox 0 0 1328 4484">
    <p class='ocr_par' dir='ltr' id='par_1_6' title="bbox 0 0 1328 4484">
     <span class='ocr_line' id='line_1_29' title="bbox 0 0 1328 4484; baseline 0 0"><span class='ocrx_word' id='word_1_178' title='bbox 0 0 1328 4484; x_wconf 95' lang='lat' dir='ltr'><strong> </strong></span> 
     </span>
    </p>
   </div>
  </div>
 </body>
</html>
