2642 4484
395 1151 901 1262 introductio.

143 1499 264 1634 Inter
297 1590 430 1643 omnes
459 1577 684 1650 recentioris
713 1570 983 1674 philosophiae
1014 1576 1156 1652 doctri·

141 1714 209 1766 nas
234 1699 341 1772 nulla
365 1705 651 1798 propemodum
676 1725 745 1793 est,
782 1726 1027 1804 quaetantas
1053 1713 1154 1784 vitu·

140 1829 242 1920 perii
282 1848 324 1902 et
363 1833 489 1906 laudis
529 1834 813 1912 vicissitudines
853 1863 1033 1938 perpessa
1074 1855 1171 1919 tam'

22 2004 24 2033 ι
140 1979 227 2030 sero
252 1956 399 2050 justum
422 1965 580 2040 omnino
599 1969 793 2046 invenerit
810 1971 1013 2067 judicium,
1039 2004 1155 2084 quam

19 2104 23 2185 g
138 2089 334 2184 profunda
363 2099 550 2194 Spiuozae
585 2108 775 2180 sententia
808 2110 985 2204 ratioque
1021 2136 1153 2186 rerum

138 2223 468 2318 explicandarum.
521 2238 684 2310 Etenim*
710 2265 831 2338 quum
859 2242 977 2314 initio
1007 2268 1152 2317 merca·

22 2441 25 2448 .
136 2367 271 2427 torum
285 2363 532 2438 ‚Batavorum
567 2370 768 2469 integritas
802 2375 1058 2463 honestatem,
1091 2399 1152 2449 re·-
1249 2452 1252 2462 ,

136 2487 268 2581 gulam
282 2491 520 2592 modumque
534 2525 690 2580 morum
701 2505 967 2595 colendorum,
984 2508 1152 2586 liberum
1262 2512 1264 2517 ’

138 2617 340 2694 arbitrium
373 2642 486 2722 atque
520 2637 651 2738 Deum
686 2639 817 2737 ipsum
853 2657 985 2714 contra
1016 2626 1165 2742 Spino-¹
1239 2628 1244 2641 ¹

136 2771 224 2820 ram
260 2753 452 2831 Judaeum
493 2763 744 2873 defendisset3
792 2773 1086 2870 theologorum.
1106 2778 1149 2848 in

134 2879 261 2976 ipsum
287 2885 397 2962 furor
431 2895 611 2973 atheisrni
648 2907 843 2979 actionem
864 2906 1005 2978 eximia
1029 2907 1148 2978 obsti·
1197 2951 1202 2956 ·

133 3015 290 3089 natione
333 3029 496 3124 peregit.
566 3039 673 3132 Quae
717 3038 927 3120 accusatio,
974 3041 1146 3133 quamvis

133 3137 274 3231 justam
298 3156 523 3232 sustinuerit
548 3189 712 3257 causam,
744 3168 1040 3243 fundamentum
1063 3172 1169 3258 odi-¹

133 3296 222 3346 osae
265 3278 464 3359 doctrinae
510 3293 700 3370 intactum
743 3301 919 3397 reliquit,
957 3307 1055 3402 ,quia
1087 3307 1145 3390 ¹acl

132 3405 309 3487 funditus
343 3409 386 3487 id
422 3426 674 3500 evertendum
706 3431 933 3532 imaginatio
969 3439 1144 3534 proposi·

131 3541 265 3638 tioque
289 3549 462 3627 veritatis
488 3562 717 3636 auctoritate
742 3585 920 3666 acceptae
945 3592 1025 3643 non
1041 3567 1143 3645 suffi-

131 3673 256 3748 ciebat
263 3700 275 3770 3
304 3680 373 3754 sed
399 3690 639 3786 cogitationis
666 3703 773 3774 omni
796 3701 953 3774 vinculo
979 3718 1141 3778 externo

130 3799 326 3884 absolutae
349 3813 504 3894 infinita
529 3822 731 3905 efficientia
754 3832 1036 3933 requirebatur·

914 3966 939 4039 1
