2642 4484
596 271 645 353 47

116 471 275 550 stantiae
301 469 423 542 aliena
445 481 563 539 restat
588 457 764 550 amodo,
789 456 838 536 ab
861 488 926 551 eo,
951 465 1060 563 quod
1081 461 1124 540 in

118 609 193 682 alio
219 621 288 690 est,
337 589 573 698 Progressus,
608 596 678 692 qui
708 595 848 668 frustm
871 598 970 692 petit
994 596 1123 676 inlini.

116 759 203 813 tum
241 733 451 810 substantii
487 753 616 805 secum
650 727 849 829 congressi
879 752 959 802 non
986 734 1123 828 guber.

116 887 250 954 natur,
298 891 378 938 non
419 865 583 937 tollitur.
649 863 858 937 Alienm'io‘
886 861 1124 942 distinctioni

119 1004 320 1078 distinctae
345 1024 423 1072 non
449 996 565 1070 cedit·

215 1139 325 1206 Certa
347 1132 454 1212 haec
468 1147 507 1202 et
532 1130 710 1202 distincta
733 1129 950 1224 explanatio
975 1131 1025 1205 ad
1044 1135 1126 1210 rim

117 1266 348 1342 substantiae
372 1264 543 1362 perfecte
569 1259 856 1359 exprimendam
886 1267 1042 1340 omnino
1067 1287 1125 1342 est

116 1400 347 1498 necessaria3
378 1421 505 1497 neque
539 1395 627 1468 satis
658 1418 720 1466 res
755 1395 969 1490 explicatur
999 1398 1123 1472 decla.

117 1537 266 1607 ratione
304 1531 377 1613 hac
415 1528 598 1627 simplici:
639 1549 729 1599 esse*
754 1541 821 1597 aut
852 1550 932 1600 non
965 1553 1044 1603 esse
1081 1533 1124 1604 in

116 1665 327 1739 substantia
357 1658 614 1744 differentiam
642 1661 722 1732 sive
752 1659 1038 1737 distinctionem
1058 1666 1124 1740 v'el

117 1797 347 1896 negantiam.
921 1802 924 1809 '

336 2015 570 2114 Infinits'o
598 2014 906 2095 substantioe.

215 2206 248 2274 E
272 2201 437 2301 simplici
461 2218 590 2276 autem
612 2201 687 2275 hac
709 2222 835 2300 neque
860 2203 1040 2277 distincte
1058 2202 1123 2276 de·

119 2333 231 2408 liniti
254 2333 391 2407 naturi
413 2335 646 2408 substantiae
671 2335 823 2410 elucere
839 2333 919 2430 jam
933 2333 1121 2424 ridemus,

120 2468 315 2566 quomodo
345 2466 521 2539 infinitio
557 2464 639 2560 ejus
672 2467 811 2542 debeat
835 2469 1122 2566 comprehendi.

117 2607 187 2671 Est
211 2600 314 2671 enim
336 2599 548 2672 substantia
571 2597 739 2688 infinita,
764 2602 852 2701 quia
870 2602 919 2675 ad
936 2625 976 2673 se
999 2602 1121 2699 ipsam

118 2731 304 2826 refertum
331 2733 419 2831 quia
443 2732 544 2820 linis,
568 2767 625 2794 -.
643 2725 758 2832 quem
781 2734 854 2807 nti
879 2736 1122 2832 propositum

121 2889 230 2936 causa
253 2865 373 2937 habet
396 2867 466 2953 sui,
493 2889 608 2962 quem
632 2882 800 2939 assecuta
823 2868 866 2938 in
890 2890 969 2937 sese
988 2861 1121 2936 reflec-

117 2997 231 3085 titur,
255 3034 306 3053 -·
328 2998 425 3070 haec
453 2997 535 3094 ipsa
559 3014 617 3071 est
640 3021 769 3086 causa,
800 2993 952 3070 effectn'
971 3021 1050 3070 non
1074 2997 1121 3070 fis

117 3130 211 3216 nita,
235 3155 314 3203 non
340 3131 636 3226 circumscripta,
660 3156 741 3202 non
765 3151 945 3226 repressa,
974 3131 1042 3203 sed
1066 3131 1120 3204 el·

119 3257 278 3332 liniendi
313 3281 400 3335 actu
442 3287 482 3334 se
524 3257 731 3350 affirmans,
772 3262 840 3334 sed
876 3265 1119 3338 conclusione
1163 3322 1165 3325 .

120 3390 189 3463 sui
214 3393 483 3468 alienationem
507 3397 685 3484 alienans,
711 3395 830 3468 finem
851 3397 1119 3470 excludentem

121 3523 340 3601 excludens.
404 3529 506 3600 Finis
537 3527 656 3627 igitur
687 3529 933 3617 inclusionis,
969 3529 1041 3598 hac
1075 3527 1118 3600 in

66 3630 68 3634 V
122 3659 403 3732 conclusionem
424 3659 694 3748 convertendi,
719 3663 944 3760 simpliciter
958 3685 997 3732 se
1012 3684 1119 3733 ever·

120 3787 171 3858 tit
193 3790 310 3887 inque
333 3793 593 3868 infinitionem
623 3795 775 3874 attollit.
824 3799 983 3890 „Itaque
1012 3811 1118 3868 recte
