2642 4484
703 222 755 300 20

224 416 342 514 igitur
373 413 522 486 actione
553 433 595 482 ao
623 411 742 484 modo
761 407 1014 486 ‚definitiones
1045 429 1085 484 et
1117 403 1230 483 diffe-

130 589 133 596 -
225 549 369 619 rentiae
391 547 432 615 in
455 543 1042 640 principiumhocinferuntur.
1074 543 1233 615 Adven-

226 681 311 750 titia
340 679 433 748 haec
462 676 562 748 ratio
591 691 780 747 mensem
803 670 926 751 finita.
976 663 1250 748 Consentaness

226 836 295 882 um
323 809 414 880 huic
444 809 715 903 estprincipio
740 808 794 893 id,
826 808 932 905 quod
963 807 1066 904 apud
1095 809 1231 903 Spino-

227 967 311 1016 zam
342 939 533 1012 videmust
582 928 754 1012 Primum
784 936 1026 1012 definitiones
1058 940 1231 1012 substan·

225 1076 300 1146 tiae
331 1071 564 1146 extrinsecus
593 1071 745 1167 inferri,
771 1111 821 1129 -
850 1089 935 1144 tum
963 1071 1095 1145 venire
1126 1073 1233 1145 axio·

175 1265 176 1268 η
225 1223 338 1292 mata,
364 1227 529 1300 quorum
553 1228 642 1276 cum
666 1201 955 1278 definitionibus
974 1230 1054 1276 non
1072 1201 1230 1276 demon·

174 1407 183 1418 ,,
225 1355 367 1409 stretur
398 1338 656 1425 cohaerentia,
689 1375 741 1394 ·-
775 1339 913 1411 deinde
945 1336 1228 1434 propositiones

227 1470 642 1566 demonstrationesque
667 1472 775 1568 sequi
799 1494 942 1557 aarum,
959 1508 1009 1526 -·
1031 1487 1227 1567 postremo

224 1602 372 1676 scholia
388 1620 428 1673 et
444 1604 662 1698 corollaria3
689 1627 808 1699 eaque
825 1603 953 1676 omnia
967 1621 1047 1674 tam
1068 1619 1229 1674 externo

224 1735 348 1818 modo,
385 1733 575 1827 conjecta,
622 1753 667 1808 ut
709 1762 819 1812 causa
859 1761 928 1809 cur
965 1736 1070 1808 huno
1102 1755 1228 1829 neque

225 1869 342 1937 alium
366 1883 522 1936 teneant
547 1866 734 1954 ordinem,
759 1895 838 1940 non
852 1870 1079 1965 explicetur,
1103 1889 1228 1961 neque

224 1995 436 2066 substantia
469 1995 517 2064 iis
552 1995 634 2087 ipsa
665 1999 848 2091 explicari
877 1993 1065 2078 videatur.
1121 2002 1229 2074 Haeo

223 2126 304 2224 ipsa
337 2119 601 2210 definitionem
624 2149 704 2196 non
727 2127 919 2222 producit,
951 2151 1075 2220 neque
1099 2151 1140 2197 se
1164 2152 1229 2198 ve·

223 2283 408 2332 ramesse
434 2255 681 2332 demonstrat.
728 2263 829 2330 Nam
853 2281 949 2355 quae
974 2255 1077 2353 apud
1102 2259 1228 2328 Carte-

224 2393 324 2463 sium
352 2389 557 2486 productio
589 2407 646 2462 est
680 2409 720 2462 et
751 2391 1025 2464 demonstratio
1056 2389 1229 2462 substan·

130 2587 134 2596 .
224 2525 301 2596 tiae
325 2519 511 2611 infinitae,
541 2521 653 2598 finiti
676 2525 888 2600 substantii
912 2521 1083 2597 tollendi
1109 2522 1229 2596 mani·

226 2656 360 2728 festam
391 2682 431 2728 se
462 2656 647 2744 facientis,
681 2682 725 2728 ea
755 2658 890 2728 transit
913 2658 955 2727 in
980 2656 1228 2754 substantiam

225 2789 450 2884 simpliciter
480 2811 609 2860 secum
636 2791 719 2884 ipsa
750 2811 986 2884 congressam
1014 2811 1138 2883 neque
1168 2809 1227 2856 ac·
1281 2824 1287 2875 ι,

226 2921 331 2990 tione
360 2921 441 2993 ulla
471 2922 683 2994 diremtam.
744 2921 880 2991 Statim
910 2920 1030 3017 igitur
1057 2917 1229 3015 perfecta

227 3067 340 3147 atque
375 3050 473 3146 fixa,
513 3079 636 3151 neque
679 3070 766 3125 actu
797 3048 880 3124 ullo
916 3070 1124 3139 commota,
1159 3048 1231 3122 sed

114 3243 117 3257 .
229 3183 315 3257 data
344 3187 552 3260 substantia
578 3186 682 3283 apud
704 3187 907 3281 Spinozam
937 3202 1104 3280 apparet,
1143 3201 1229 3256 eta

227 3341 266 3388 se
291 3319 391 3413 ipsa,
408 3344 486 3390 non
511 3346 532 3391 a
555 3316 666 3391 finita
679 3319 836 3392 'ratione
859 3318 1014 3388 initium
1037 3315 1140 3388 facit.
1165 3321 1228 3390 Ex

227 3449 306 3522 hac¹
335 3467 461 3537 autem
494 3446 627 3544 finitae
657 3451 817 3523 rationis
846 3452 887 3520 in
915 3446 1108 3536 infinitam
1137 3447 1229 3518 sub·

227 3584 401 3654 stantiam
426 3581 649 3670 inclusione,
682 3609 739 3671 err=
755 3600 798 3654 ea
823 3581 1053 3657 substantiae
1076 3581 1118 3650 in
1142 3601 1227 3650 sese

226 3719 441 3788 retentione
463 3717 677 3788 necessario.
698 3713 880 3812 sequitur,
896 3711 1225 3816 .·-.quemadmo·
