2642 4484
543 332 697 407 -105

157 520 209 590 tia
239 536 395 591 manent
426 516 580 589 alienae.
636 518 822 591 Absolute
847 542 952 589 mens
979 516 1160 613 eprinci·
1191 576 1205 590 .

155 654 222 749 pio
254 676 332 723 non
362 651 658 736 manumittitur,
696 651 770 721 nisi
794 652 870 722 hoc
896 648 1006 743 certi*
1023 672 1062 721 se
1089 650 1161 721 dif-
1192 716 1194 721 .

98 868 101 873 ¹
149 783 320 855 'ferentii
347 784 566 882 distinguat,
591 783 667 854 nisi
692 776 948 854 differentiam
972 804 1056 853 eam
1073 804 1161 878 pro·
1185 781 1186 785 ’

151 916 290 1001 ducat,
334 938 429 1012 quae
480 944 520 988 se
561 918 634 988 sibi
670 916 749 1013 ipsa
785 933 954 1012 opponat
993 932 1032 986 et
1075 938 1163 986 con·

158 1048 299 1120 cludat.
374 1058 428 1122 Ea
474 1051 555 1121 sola
598 1048 888 1145 comprehensio
939 1051 1018 1120 sive
1051 1053 1161 1147 rcogi·

157 1180 254 1250 tatio
292 1157 577 1254 absolutionem*
605 1183 794 1254 libertatis
829 1183 1030 1276 proponit3
1073 1184 1164 1278 quia

157 1312 212 1399 id,
250 1338 325 1407 quo
352 1310 547 1402 definitur,
581 1315 636 1402 id,
675 1336 841 1411 quocum
879 1332 918 1383 se
957 1316 1164 1403 concludit,

158 1470 237 1515 non
279 1448 472 1543 principio
516 1450 642 1521 solum
685 1444 925 1540 cogitationis
969 1444 1164 1541 implicato

160 1593 273 1673 atque
304 1576 565 1664 antecedente,
596 1576 664 1647 sed
695 1576 851 1673 proprii
874 1577 991 1672 ipsius
1017 1578 1166 1651 actione

160 1726 218 1779 est
259 1705 439 1779 effectum
479 1726 519 1779 et
558 1712 763 1783 sublatum.
827 1704 1030 1781 Absolutio
1072 1712 1168 1782 haec
1236 1790 1243 1804 ,

159 1843 297 1911 mentis
322 1867 391 1938 per
415 1867 454 1913 se
478 1844 599 1939 ipsam
623 1841 805 1913 liberatae
832 1842 912 1914 sola
937 1867 1025 1913 oum
1043 1844 1167 1915 libero
1236 1828 1238 1835 ⁵

161 1973 333 2045 absolute
363 1974 405 2044 in
435 1998 475 2045 se
506 1975 589 2072 ipso
615 1975 804 2072 principio
829 1978 918 2046 ver'e
943 2000 983 2047 se
1010 1974 1167 2067 conjun-

159 2104 228 2200 git.
283 2108 534 2203 Spinozistica
572 2128 695 2194 mens,
740 2110 827 2204 quia
865 2108 1074 2179 substantia
1110 2126 1167 2179 est

159 2238 239 2333 ipsa
271 2264 292 2310 a
322 2265 361 2311 se
393 2242 573 2325 alienata,
607 2263 739 2310 veram
774 2262 795 2309 a
824 2242 1027 2335 principio,
1062 2240 1165 2309 unde

158 2369 314 2465 pendet,
343 2374 563 2443 libertatem
592 2364 671 2442 non
703 2370 875 2467 acquirit.
927 2376 1094 2442 Gonatur
1119 2370 1165 2443 ab

162 2496 427 2576 affectionibus
473 2528 513 2575 se
549 2505 590 2573 in
631 2529 670 2574 se
705 2504 826 2599 ipsam
865 2527 1063 2596 revocare3
1113 2503 1167 2573 sio
1197 2600 1204 2613 Ι

162 2648 290 2703 autem
318 2634 360 2704 in
390 2635 631 2719 alienatione,
664 2660 737 2731 qua
763 2632 958 2723 definitur,
992 2636 1168 2731 seponit

163 2783 202 2836 et
232 2783 360 2854 restat,
394 2767 442 2839 ad
471 2792 512 2839 se
541 2792 621 2839 non
649 2785 696 2839 ut
725 2769 775 2840 ad
803 2794 842 2841 se
867 2768 1101 2866 ipsamsed
1124 2784 1170 2837 ut

162 2899 211 2970 ad
241 2901 403 2971 alienam
439 2918 614 2974 naturam
648 2901 828 2975 refertur.
886 2901 1168 2994 Alienationem

161 3033 281 3126 igitur
304 3034 518 3128 simplicem
541 3059 619 3104 non
642 3050 772 3129 potest
796 3033 947 3106 tollere.
988 3032 1053 3104 Sin
1077 3054 1166 3103 vere

109 3172 115 3187 ’
159 3163 203 3235 id
241 3181 387 3260 posset3
434 3164 634 3260 proprium
681 3165 755 3258 ipsi
799 3164 900 3237 nihil
941 3178 1165 3248 remaneret,

160 3296 243 3391 ipsa
267 3295 422 3390 periret,
455 3320 601 3365 summa
630 3296 817 3392 perfectio
838 3297 1018 3369 ¹interitio
1052 3312 1166 3387 esset3

161 3452 251 3499 nam
281 3451 401 3522 quum
432 3450 452 3497 a
483 3451 522 3501 se
555 3427 733 3498 distincte
768 3452 848 3499 non
883 3429 933 3500 sit
971 3428 1165 3513 distincta,

165 3559 393 3630 alienatione
425 3558 637 3630 omittendi
675 3577 714 3629 et
744 3559 793 3632 ad
816 3560 1064 3632 substantiam
1087 3582 1164 3632 non

164 3689 383 3765 distinctam
411 3690 636 3777 revocandi,
673 3692 715 3761 in
749 3692 961 3787 simplicem
996 3692 1164 3771 substan·

164 3822 258 3893 tiam
282 3824 548 3897 collaberetur.
567 3854 569 3860 ¹
598 3822 673 3894 Sed
692 3823 791 3895 haec
814 3818 923 3894 fictio
948 3836 1004 3893 eat
1027 3821 1160 3893 inanisa
