2642 4484
685 285 739 363 lb

216 487 286 572 tio‘,
311 479 417 556 aliud
434 497 493 552 eat
510 478 584 566 sui,
608 474 762 549 aliunde
781 475 919 573 accipit
938 472 1212 567 definitionem,

209 626 256 696 in
285 635 334 690 se·
356 611 713 687 determinationem
742 609 956 682 absolutam
984 637 1063 684 non
1087 611 1212 685 habet.

210 760 340 850 Atque
372 745 544 820 defectus
573 743 638 815 bic
669 742 864 814 absolutae
890 742 1214 817 determinationis

216 887 340 962 forma
363 896 420 952 est
444 901 499 963 ea,
527 861 606 971 ¹qua
631 873 970 963 ati-substantiam,
1001 878 1139 949 eodem
1163 879 1214 950 vi·

210 1022 284 1093 sio·
303 1010 488 1097 affectam,
518 1006 667 1080 modus·
685 1007 862 1081 refertur.
916 1015 1005 1082 Non
1039 1010 1214 1086 distincte

175 1143 179 1146 ⁸
215 1146 374 1226 definita
408 1138 617 1215 substantia
651 1137 813 1209 modum
845 1139 1015 1235 requirit
1039 1144 1123 1216 sive
1154 1145 1215 1218 de·

213 1275 537 1356 terminationem·
556 1292 635 1343 non
670 1271 809 1343 certius
841 1271 1124 1371 perfectiusque
1162 1278 1216 1350 di.

211 1417 402 1491 stinctam.
443 1402 657 1490 Substantia
674 1403 779 1475 enim
793 1403 874 1499 ipsa
889 1406 1091 1510 negatione
1114 1406 1215 1483 fixae

213 1540 469 1626 distinctionis
500 1534 663 1611 efficitur
691 1553 805 1633 atque
837 1539 1072 1632 continetur;
1123 1567 1216 1639 quo.

213 1686 318 1756 niam
347 1692 476 1751 autem
504 1671 680 1770 negantia
708 1669 805 1742 haec
832 1672 955 1767 prima
985 1689 1025 1743 et
1052 1674 1217 1769 simplex

214 1838 255 1888 se
283 1793 363 1886 non
390 1809 472 1902 ipsa
502 1803 737 1902 distinguit,
760 1828 800 1876 se
837 1786 917 1875 non
949 1821 1063 1902 negat
1095 1808 1218 1902 ipsam

166 2033 170 2042 4
213 1949 324 2043 ipsas
354 1938 423 2012 suti
458 1963 479 2010 a
512 1935 677 2034 negandi
710 1935 878 2020 actione,
914 1960 935 2008 a
970 1961 1010 2008 se
1045 1938 1128 2035 ipsi
1161 1959 1219 2013 est

156 2080 178 2157 J}
214 2077 347 2160 aliena,
377 2087 417 2141 et
441 2068 488 2140 ad
512 2091 553 2140 se
577 2085 771 2163 tamquam
795 2066 845 2138 ad
869 2069 1031 2141 alienam
1052 2072 1220 2144 refertur

96 2267 99 2279 ,
212 2225 399 2284 naturam.
447 2201 581 2276 Aliena
603 2199 700 2271 haec
724 2213 750 2271 a'
768 2199 914 2295 seipsa
938 2216 979 2271 et
1003 2224 1024 2272 a
1048 2204 1220 2275 substan.

215 2345 269 2416 tia
303 2336 455 2435 negatio
492 2337 534 2407 in
566 2332 688 2406 modo
724 2331 969 2428 conspicitur.
1023 2339 1136 2408 Haec·
1160 2355 1220 2410 est

215 2471 416 2546 necessitas
440 2467 548 2540 modi
573 2466 623 2539 ad
645 2465 893 2538 substantiam
916 2465 1122 2541 referendi.

156 2579 158 2583 Ι
310 2608 443 2694 Itaque
491 2599 628 2671 modus
676 2598 962 2672 distinctionem
1001 2598 1220 2673 distinctam

213 2739 256 2812 in
284 2725 535 2808 substantiam
549 2763 552 2768 ·
565 2749 645 2803 non
673 2730 811 2823 infert;
849 2730 992 2802 alienus
1023 2733 1070 2805 ab
1096 2735 1218 2806 aliern
1307 2766 1308 2771 ¹

214 2866 464 2966 relinquitur3
513 2862 722 2935 substantia
756 2861 799 2932 in
836 2885 876 2932 se
912 2881 1084 2973 remanet
1117 2881 1218 2939 tran·

216 3004 346 3101 quilla,
379 2971 521 3096 neque
539 2996 586 3069 ad
616 2991 804 3092 agendum
835 2994 1023 3090 procedit.
1071 2963 1238 3072 Modus·

216 3157 301 3208 ase
326 3114 470 3204 alienus
494 3153 544 3201 ex
568 3129 642 3202 alio
665 3128 708 3200 in
733 3126 838 3199 aliud
862 3127 1077 3217 abducitur,
1108 3156 1219 3204 num·

216 3287 330 3363 quam
359 3263 533 3358 quiescit,
563 3285 642 3336 non
670 3261 712 3332 in
742 3284 824 3332 sese
855 3261 1081 3359 regreditur,
1112 3264 1219 3339 aliud

216 3402 343 3496 ipsum
372 3418 450 3466 non
481 3411 645 3490 superat,
680 3417 721 3466 ae
743 3378 823 3467 non
846 3396 1069 3491 assequitur,
1104 3423 1145 3469 se
1170 3395 1219 3471 ad

216 3527 447 3604 substantiae
483 3526 701 3598 conclusam
734 3541 908 3598 naturam
942 3552 1020 3598 non
1058 3533 1219 3602 revertit

218 3663 448 3758 attollitque,
472 3658 572 3730 sicut
594 3657 803 3731 substantia
827 3655 876 3728 ad
898 3661 1093 3755 propriam
1107 3662 1219 3734 modi

216 3812 392 3870 naturam
429 3819 509 3870 non
547 3790 755 3866 deseendit.
819 3791 1107 3890 Tranquillitas·
1128 3795 1217 3873 sub.
