2642 4484
567 235 617 317 33

90 432 157 506 sed
186 430 341 528 propria
370 427 431 500 sui
453 423 620 520 negatio,
655 445 752 517 quae
775 424 948 518 negando
970 449 1011 498 se
1035 427 1090 501 εἰ·

88 561 227 638 firmat.
281 567 419 656 Neque
456 543 612 630 Omnino
647 553 696 625 ad
732 554 839 625 aliud
873 558 982 651 quid,
1020 563 1090 636 sed

18 779 20 784 ,
91 695 139 769 ad
170 697 283 768 aliam
312 691 527 788 negantiam
554 687 729 785 negantia
753 686 936 782 refertum
972 715 1091 786 quum

90 848 220 903 autem
244 849 324 897 non
346 793 394 894 aii
417 823 528 894 aliam
554 845 667 917 quam
688 816 736 890 ad
756 820 866 892 aliam
884 821 1091 920 referatur3

91 961 140 1034 ad
170 982 211 1029 se
241 957 363 1053 ipsam
391 953 537 1042 referri,
567 977 606 1024 se
637 950 721 1049 ipsi
752 949 927 1024 affinnari
950 942 1093 1028 intelli·

89 1094 214 1190 gitur3
244 1113 333 1160 nam
356 1087 488 1160 eadem
513 1083 697 1182 cujusque
721 1101 856 1157 natura
880 1102 937 1158 est
961 1113 1004 1160 ac
1029 1089 1095 1163 de·

29 1287 32 1292 ⁴
89 1221 229 1301 finitio.

187 1355 264 1428 Sed
303 1377 347 1426 ea
379 1353 555 1450 negantia
589 1350 787 1448 negantiae
828 1375 947 1448 aeque
981 1375 1095 1451 atque

91 1487 351 1564 affirmationis
382 1482 580 1558 affirmatio
609 1484 822 1556 inclusione
852 1487 1097 1575 substantiae,

92 1618 272 1696 effectam
301 1617 552 1691 substantiam
581 1613 847 1703 antecedente,
881 1618 1101 1714 implicatur
1165 1673 1176 1679 .

89 1779 138 1826 ac
161 1753 373 1834 retinetur,
401 1747 447 1818 ab
478 1739 614 1830 effecta
642 1746 852 1818 substantia
880 1774 958 1820 non
984 1777 1101 1847 expe.

92 1885 213 1966 nitur,
244 1878 312 1950 sed
337 1880 456 1950 aliena
485 1876 734 1974 relinquitur,
767 1903 891 1975 neque
922 1883 970 1954 ad
994 1886 1102 1957 abso.

93 2016 288 2088 lutionem
308 2012 483 2122 pervenit
503 1989 620 2085 suam.
670 2013 834 2110 Negatio
858 2009 1101 2112 negationem

95 2147 241 2218 retinet
256 2143 441 2216 inclusam
457 2147 761 2241 atque'alienam,
781 2146 988 2242 eademque
1008 2145 1103 2219 affir-

94 2279 276 2352 mationis
301 2296 360 2350 est
382 2277 496 2352 ratio.

384 2512 834 2588 decidentia

199 2680 376 2778 Quamvis
407 2681 527 2778 igitur
556 2681 766 2754 substantia
795 2681 838 2752 in
861 2705 969 2753 suam
990 2682 1109 2777 ipsius

47 2888 51 2893 .
102 2807 358 2888 differentiam
392 2837 433 2886 se
467 2814 660 2911 propellat
696 2816 930 2911 existatque3
969 2821 1110 2898 tamen,

104 2967 231 3042 quum·
255 2946 419 3042 simplici
452 2961 603 3046 tantum
626 2947 818 3042 principio
843 2971 865 3016 e
889 2960 1009 3014 semet
1031 2944 1112 3040 ipsa

104 3073 296 3165 ejiciatur,
328 3078 446 3171 inque
476 3078 691 3172 simplicem
722 3076 821 3147 hanc
846 3091 1010 3148 transeat
1032 3079 1113 3152 vim

109 3227 244 3278 causae
276 3229 364 3276 cum
393 3200 535 3278 effectu
565 3206 744 3296 ejusdem
771 3222 884 3300 atque
915 3231 963 3278 ex
996 3234 1043 3282 ec
1071 3212 1114 3281 in

105 3361 187 3412 sese
222 3359 426 3434 regressae,
463 3373 513 3390 -
548 3354 693 3410 certam
726 3361 769 3410 ac
806 3336 1021 3411 distinctam
1058 3339 1115 3408 ‹ti-

105 3471 357 3543 stinctionem
398 3468 574 3542 nondum
614 3471 791 3565 exponit,
839 3471 907 3544 sed
946 3469 1117 3565 implica·

107 3616 187 3672 tam
219 3603 338 3674 habet
375 3619 415 3674 et
446 3586 643 3690 citnfttsam
682 3603 848 3701 ideoque
882 3600 1116 3674 extrinsecus

111 3732 250 3826 accipit
274 3734 522 3827 accidentem,
549 3753 588 3810 et
613 3735 660 3810 ab
680 3732 867 3812 efficentia
884 3710 1116 3806 substantiae

897 3864 923 3938 3
