2642 4484
302 330 743 421 -Curriculum
787 336 979 423 vitan

246 587 369 686 Natus
402 637 488 685 sum
519 614 556 685 d.
586 620 634 685 X.
662 630 748 686 ante
774 610 925 684 Calend.
945 616 1067 717 Mart.
1095 637 1153 687 an.

158 758 260 832 1802,
284 763 393 842 patre
419 746 654 817 centurione.
689 746 940 841 Frequentavi
963 770 1081 840 usque
1108 724 1182 817 ad'

154 904 295 951 annum
324 879 653 950 undevicesimum
687 879 932 969 Gymnasium
962 878 1158 949 Berolino·

155 1014 392 1085 coloniense.
447 1012 642 1091 Perfectae
671 1011 902 1083 maturitatis
938 1011 1158 1081 testimonio

156 1146 363 1216 honoratus
400 1145 449 1216 ad
481 1144 711 1215 academiam
742 1146 848 1214 hanc'
877 1144 1159 1215 Berolinensem

156 1304 217 1349 me
231 1279 388 1365 contuli,
407 1296 452 1348 ut
463 1276 785 1373 jurisprudentiae
802 1276 1008 1348 studerem.
1036 1285 1162 1373 Quum

157 1406 386 1483 cascientia
410 1413 531 1482 menti
552 1436 631 1481 non
651 1408 902 1499 satisfaceret3
924 1408 1163 1502 philosophi·

158 1566 219 1614 am
244 1544 400 1613 omnino
433 1542 630 1635 amplexus
660 1524 756 1610 sum.
807 1536 978 1629 Adiunxi
991 1630 992 1637 ἵ
1005 1539 1053 1609 ad
1077 1540 1161 1635 phi-

159 1674 398 1767 losophicam
423 1671 679 1743 eruditionem
695 1671 899 1743 historicas
925 1672 1099 1743 scientias
1125 1687 1164 1741 et

156 1807 347 1902 physicas.
395 1804 626 1899 Antiquitati
652 1829 808 1901 operam
837 1807 991 1896 navavi3
1024 1821 1063 1875 et
1092 1804 1164 1874 lin·

130 1959 324 2034 guarum
350 1936 644 2033 intelligentiam
675 1938 825 2025 adauxi.
849 1950 855 1963 “
881 1941 914 2009 Α
947 1937 1164 2032 periculoso

160 2086 200 2139 et
229 2069 408 2139 turbante
440 2072 642 2140 oculorum
671 2072 807 2143 morbo
844 2068 1090 2167 aliquomodo
1120 2069 1166 2139 li·

84 2279 90 2287 ,
157 2202 314 2273 beratus
348 2186 442 2298 opus
475 2202 552 2273 adii
583 2200 884 2286 conficiendum,
924 2226 999 2297 quo
1032 2200 1164 2269 docto·

156 2336 210 2405 ris
234 2334 332 2403 mihi
355 2334 545 2403 honorem
570 2356 840 2427 compararem.

358 2515 360 2524 .
463 2486 866 2519 m

496 2692 842 2784 Thesea

166 2874 193 2915 1.
237 2848 340 2912 Unum
359 2849 459 2930 ipsam
479 2868 541 2906 esse
560 2848 594 2905 ia
613 2866 645 2904 sc
666 2834 791 2929 triplex.

164 2947 336 3009 &Genus
358 2968 418 3003 aon
439 2965 500 3004 csse
520 2942 624 3003 ideam
645 2940 831 3006 absolutam.

164 3063 193 3121 3.
232 3044 377 3129 ’nieman
403 3040 583 3103 Aristotelis
606 3040 680 3105 llam
707 3061 769 3101 csse
797 3041 1033 3103 Platonicam
1020 3058 1068 3102 ita
1093 3038 1168 3130 defi·

244 3141 343 3198 nitam
363 3154 448 3195 utre
468 3140 537 3221 ipsa
557 3130 697 3223 refellat.
738 3176 768 3217 δ

165 3245 196 3312 4.
236 3236 358 3295 Motum
379 3251 409 3292 ct
430 3250 541 3293 esscct
562 3254 716 3297 noneste.

165 3349 195 3410 5.
240 3332 493 3415 Unamqaamque
511 3336 596 3394 θίαν
608 3350 670 3389 csse
682 3308 862 3417 falsam.

166 3433 195 3493 6.
227 3430 358 3490 Homine
371 3425 567 3508 producendo
586 3444 747 3487 naturam·
751 3430 801 3487 sui
814 3429 910 3511 ipsius
920 3426 997 3515 fieri
1010 3425 1169 3487 comciam.

167 3544 197 3603 7.
238 3525 382 3589 Caesaris
419 3524 594 3583 occisionem
624 3522 840 3584 stultissimum
870 3526 1078 3621 Romanorum
1110 3542 1171 3581 esse

240 3617 377 3709 factum.

169 3730 201 3791 8.
242 3720 385 3779 Fatum
373 3741 406 3778 m
425 3712 589 3795 Antigona
608 3712 782 3797 Sophoclea
803 3739 864 3778 aon
884 3714 1047 3783 dominari.

472 3854 871 3902 ...A-fi...-
