2642 4484
672 237 723 319 tt

202 434 304 507 butio
329 446 409 503 tam
433 443 535 502 certe
561 427 896 515 circumscribitur,
921 443 966 498 ut
992 429 1040 500 ad
1057 445 1212 502 certum

203 561 296 660 quid
329 557 571 636 efficiendum
600 561 797 657 dirigatur.
850 551 934 634 Nec
967 563 1084 658 magis
1116 563 1210 634 sub·

202 696 339 768 stantia
367 695 485 768 modo
515 693 780 790 distinguitur3
816 693 987 781 iscnim,
1019 693 1125 789 quod
1151 711 1209 765 at·

199 829 300 902 tinet
333 827 382 900 ad
412 826 644 923 principium
683 825 778 918 ejus,
816 865 867 883 ·-·
898 853 978 903 non
1013 843 1070 898 est
1100 829 1140 897 in
1163 853 1207 899 se

200 949 296 1059 ipso,
321 958 390 1031 sed
413 957 456 1029 in
479 956 700 1045 substantia,
727 957 834 1051 cujus
854 984 934 1032 non
957 958 1032 1030 nisi
1050 953 1206 1033 affectio

200 1117 279 1166 esee
304 1085 506 1182 definitur3
543 1090 751 1188 ¹substantia
765 1156 768 1164 .
782 1116 874 1189 ergo
898 1118 978 1164 non
1001 1093 1208 1163 interrum-

198 1225 304 1323 pitur
327 1221 458 1310 modo,
474 1220 552 1314 ⁸sed
576 1223 613 1294 ei
638 1223 893 1311 continuatur,
918 1242 1106 1321 quatenus
1122 1227 1206 1320 ipse

198 1357 382 1442 subsistit,
410 1379 535 1453 neque
565 1355 614 1427 ad
644 1355 751 1430 aliud
778 1357 954 1430 refertur.
1010 1363 1203 1454 Quatenus

200 1507 329 1562 autem
365 1512 386 1560 a
420 1489 628 1562 substantia
666 1488 910 1576 discernitur,
960 1506 1145 1587 quatenus
1182 1515 1204 1562 a

197 1623 363 1720 simplici
394 1619 475 1713 ejus
507 1618 754 1696 affirmatione
778 1639 984 1720 separatur,
1017 1641 1202 1719 quatenus

198 1757 245 1830 ab
274 1753 486 1828 inclusione
515 1747 595 1826 sire
621 1756 866 1830 conclusione
894 1755 1090 1851 implicati
1115 1756 1204 1828 sub·

195 1857 363 1958 stantiae.
391 1883 630 1975 excluditur3
676 1902 832 1974 eatenus
873 1888 1099 1960 alienatione
1135 1911 1205 1960 sua

195 2016 249 2087 ita
268 2039 300 2092 ,a
328 2010 537 2085 substantia
565 2030 800 2100 removetur,
832 2033 878 2086 ut
907 2043 990 2088 eam
1022 2019 1204 2090 distincte

196 2147 428 2244 distinguere
452 2165 531 2214 non
553 2144 693 2240 possit3
716 2147 845 2242 itaque
872 2147 920 2218 ad
945 2171 1029 2218 eam
1045 2149 1203 2220 ‹intinc-
1282 2144 1283 2239 ,

192 2283 340 2352 tionem
381 2275 617 2352 efficiendam
659 2303 783 2375 neque
818 2279 1051 2375 principium
1089 2279 1204 2353 modi

104 2411 107 2418 ’
193 2427 252 2484 est
282 2428 413 2505 aptum
443 2433 568 2509 neque
596 2405 698 2486 finis.
752 2411 792 2484 si
819 2413 875 2486 ita
903 2413 1040 2487 modus
1069 2429 1202 2508 posset

193 2541 364 2636 concipi,
386 2559 431 2611 ut
456 2543 578 2615 alieni
601 2543 782 2643 negantii
805 2545 978 2644 negandi
1002 2547 1052 2619 ad
1075 2570 1115 2618 se
1140 2527 1199 2617 di·

191 2673 329 2747 atinae
359 2672 567 2746 referretur
600 2677 735 2772 suique
770 2678 888 2772 ipsius
918 2680 1100 2751 existeret
1129 2702 1196 2774 op·

189 2807 332 2904 positio
362 2822 403 2876 et
433 2803 610 2876 distincta
639 2806 719 2879 sive
749 2803 938 2879 affimata
968 2806 1194 2903 affirmarim

149 2927 150 2930 ¹
190 2977 239 2996 -
255 2955 353 3012 tum
380 2938 498 3012 modo
528 2959 617 3010 vere
647 2937 858 3012 substantia
883 2940 1194 3039 distingueretur,

190 3069 327 3142 modus
358 3071 566 3146 substantia
597 3085 694 3142 esset
726 3071 807 3166 ipsa
835 3071 1006 3169 perfecte
1032 3075 1195 3148 diremta

190 3225 234 3273 ac
264 3197 455 3287 distincta,
491 3220 577 3276 tum
612 3204 822 3303 substantia
856 3205 1029 3278 absolute
1063 3230 1195 3280 secum

190 3329 495 3418 concluderetur,
528 3353 614 3406 tum
643 3336 853 3408 substantia
881 3363 961 3410 non
985 3355 1083 3410 esset
1105 3340 1193 3412 sub-‘

188 3464 335 3551 stantia,
360 3485 431 3536 nec
454 3463 591 3538 modus
616 3467 767 3542 modus.
813 3469 927 3566 Quod
951 3487 1080 3542 autem
1102 3495 1194 3566 pro·

187 3597 310 3692 priam
344 3596 452 3676 modi
481 3611 521 3668 et
554 3601 787 3694 peculiarem
810 3581 933 3670 elficit
961 3602 1190 3696 potentiam,

117 3717 121 3728 ’
189 3753 236 3802 eo
256 3709 349 3802 ‘cnm
370 3729 580 3806 substantia
603 3755 682 3801 non
707 3728 962 3818 concluditur,
985 3733 1055 3808 sed
1079 3735 1126 3808 ab
1143 3759 1187 3807 ea
