2642 4484
603 319 667 392 53.

133 502 363 590 ,‚ettributo,
399 518 581 597 quatenus
606 501 872 576 modificatum
896 525 953 578 est
968 510 1137 584 ιιιιοᾶἰῐί·ί

133 637 325 721 „catione,
358 657 453 728 quae
485 653 635 706 aeterna
665 653 706 706 et
735 635 887 708 infinita
917 657 990 725 est,
1020 645 1127 739 sequi

132 749 274 854 „etiam
298 767 379 836 non'
400 766 539 860 potuit.
575 768 722 839 Debuit
747 791 837 866 ergo
862 770 971 867 sequi
996 795 1017 841 e
1041 774 1126 846 sub·

132 899 295 986 „stantia
330 899 393 969 vel
423 898 549 993 aliquo
585 896 666 988 ejus
701 901 905 988 attributo,
944 919 1126 998 quatenus

132 1012 422 1116 „modificatum
457 1047 514 1100 est
548 1030 845 1124 ntodfficatione',
884 1059 983 1130 quae-
1001 1035 1129 1128 flacio

131 1179 228 1248 „est
277 1162 388 1259 Quod
413 1179 494 1234 erat
522 1163 703 1258 primum.
751 1163 903 1236 Deinde
927 1167 1021 1241 haec
1044 1191 1130 1238 mr·

130 1319 218 1383 „sus
249 1317 358 1367 eausa
388 1295 468 1367 sive
499 1293 563 1364 hic
593 1292 731 1364 modus
763 1293 897 1367 debuit
922 1299 1037 1369 etiam
1061 1299 1132 1371 de-

130 1427 351 1514 „terminari
381 1413 428 1500 ab
460 1423 562 1511 alia,¹
583 1449 680 1521 qnae
705 1425 820 1496 etiam
843 1425 953 1500 finita
977 1445 1052 1513 est,
1087 1446 1129 1500 et

129 1583 281 1646 ‚‚rursus
317 1559 413 1631 baec
448 1557 584 1630 ultima
617 1550 775 1629 abelis
807 1574 848 1628 et
880 1558 934 1631 sie
964 1559 1007 1630 in
1036 1557 1130 1632 infi-

129 1677 320 1778 „nitu'n'n‘t
573 1685 576 1693 Δ

221 1819 355 1918 L'ongs
377 1815 776 1909 haee'demonstratio
793 1821 949 1896 minime
970 1823 1128 1896 demon·

125 1967 231 2038 suat,
263 1977 335 2047 qus
363 1950 518 2024 tandem
547 1952 696 2026 ratione
726 1979 770 2026 ao
792 1955 1013 2028 necessitate
1036 1952 1127 2028 finis

127 2085 298 2156 absolute
316 2085 526 2160 'distinctus
557 2085 603 2156 ab
627 2081 780 2158 infiniti
803 2086 1010 2160 substantii
1034 2113 1125 2182 pro·

86 2217 93 2230 '
125 2201 296 2288 dunatus.
323 2215 437 2312 Quod
458 2217 614 2289 demum
637 2220 792 2314 probari
817 2209 991 2315 oportets
1011 2214 1123 2288 finiti

121 2343 409 2430 modificatione
438 2343 629 2420 infinitam
659 2349 915 2422 substantiam
934 2373 974 2420 se
997 2348 1121 2422 modi·

119 2476 248 2566 ficare,
288 2505 335 2550 ex
364 2474 516 2551 infinita
545 2476 835 2554 modifimione
860 2477 1009 2556 finitum
1037 2505 1120 2553 mo·

122 2607 380 2683 difioationem
394 2631 505 2706 posse
521 2609 682 2704 deducis
704 2613 791 2698 boe,
802 2651 852 2670 ···
873 2611 915 2685 in
929 2634 1005 2710 quo
1017 2634 1117 2684 sum·
1212 2653 1216 2658 ·
1243 2629 1247 2634 ·

117 2769 181 2816 ma
205 2743 352 2828 estrei,
387 2767 408 2813 e
434 2767 511 2837 quo
534 2745 747 2840 propositio
771 2745 841 2816 illa
860 2730 1003 2840 pendet
1026 2766 1115 2837 pro·

119 2876 255 2961 banda,
274 2912 325 2928 ·-
348 2874 510 2969 Spinoza
533 2901 612 2948 non
637 2878 808 2975 exponit,
832 2875 902 2945 sed
924 2891 1116 2968 tamquam

114 3033 186 3106 per
209 3031 248 3078 se
274 3005 417 3076 clerum
440 3007 513 3077 sibi
536 3007 653 3078 sumit
685 3033 729 3078 eo
753 3027 984 3078 concentum.
1031 3002 1129 3074 Etsi·

114 3135 227 3214 finita
254 3138 327 3209 hac
355 3108 642 3207 modifisatione
671 3137 721 3208 ad
747 3132 939 3206 infinitam
960 3130 1112 3207 modifi-

116 3256 306 3346 cationem
331 3285 371 3340 et
394 3265 443 3338 ad
466 3267 651 3340 attributa
672 3267 990 3362 substantiamque
1017 3263 1112 3357 adji-

1 3413 2 3416 ’
116 3402 264 3490 ciendi,
295 3397 449 3472 finitum
478 3421 499 3470 a
528 3393 639 3468 finiti
667 3398 818 3470 ratione
848 3400 1107 3471 cohaerentiae

1 3557 3 3566 ’
115 3539 163 3610 ab
185 3535 389 3630 inutilique
414 3545 553 3604 conatu
576 3525 787 3601 infinitottis
808 3553 1006 3629 progtessn
1021 3549 1107 3621 per·

113 3687 232 3766 petuo
263 3663 513 3761 assequendae
545 3661 593 3734 ad
620 3649 866 3739 substantiam
899 3664 1020 3755 ipsam
1047 3682 1105 3730 te·

1 3813 2 3828 ¹
114 3821 252 3871 vocare
276 3815 388 3894 atque
413 3791 559 3868 efficere
582 3793 770 3879 videatur,
792 3811 837 3864 ut
861 3805 994 3862 cuncta
1011 3798 1124 3886 qnae„
1157 3775 1161 3791 ¹
