2642 4484
672 224 726 320 lc'

194 434 468 532 Spinozis'ticae
520 432 680 507 rationis
734 457 826 511 cunt
882 397 1198 534 prlecedeutilius

193 561 448 664 philosophiis
483 565 716 658 conjunctio.
775 573 829 639 Ut
862 569 966 640 enim
1001 591 1065 656 ee,
1103 594 1200 667 quae

195 700 316 774 fusius
342 717 430 773 sunt
456 697 640 796 exposita,
667 699 838 772 breviter
861 718 1089 798 repetamus,
1123 701 1201 777 hoc

194 834 439 931 perspicuum
463 849 521 902 est
546 829 709 904 factum:
758 832 918 906 Initium
941 835 1102 940 rationis
1126 837 1201 910 sin·-

193 969 284 1066 gula
308 964 540 1039 observantis
567 981 607 1036 et
631 981 789 1038 externe
814 963 865 1038 ad
889 965 1057 1040 diversas
1083 969 1202 1042 animi

194 1099 393 1172 facultates
423 1086 635 1185 referentis,
672 1093 736 1191 (ut
764 1122 810 1170 ea
840 1099 919 1196 egit
947 1099 1051 1196 apud
1084 1106 1203 1180 Bacc-

193 1233 315 1328 nem),
351 1254 372 1301 e
403 1230 560 1328 singulis
594 1229 815 1304 ordinandis
844 1232 887 1304 in
914 1235 1118 1330 seipsum
1144 1258 1203 1309 re-

192 1364 342 1440 flexum
366 1379 528 1440 externo
551 1379 703 1436 tentum
728 1380 770 1438 et
791 1368 958 1441 naturali
981 1368 1100 1441 modo
1125 1367 1202 1440 for·

194 1499 343 1597 mirque
373 1524 395 1570 e
419 1519 618 1572 sensorum
642 1515 786 1575 natura¹
800 1501 974 1596 repetitis
1004 1518 1044 1576 σε
1063 1501 1204 1580 ,distin-

195 1657 325 1730 guere.
365 1635 480 1706 Mens
505 1635 575 1707 tuli
597 1633 718 1709 modo
744 1634 793 1706 de
819 1636 1010 1711 contrario
1034 1635 1111 1706 hoc
1129 1656 1201 1706 suo

195 1767 434 1862 triumphans
476 1769 519 1836 in
559 1767 811 1844 solitudinem
855 1793 964 1841 suam
1003 1791 1042 1839 se
1079 1766 1202 1861 ipsam

125 1891 127 1896 ’
197 1893 531 1991 differentiamque
578 1900 777 1993 propriam
825 1901 1008 1974 includit:
1077 1902 1206 1995 Atque

194 2025 434 2122 triumphans
466 2025 562 2098 haec
593 2026 642 2097 de
679 2029 837 2126 singulis
872 2024 1071 2126 finitisque
1105 2029 1210 2104 ratio

195 2155 367 2246 infinita,
407 2183 503 2256 quae
540 2154 661 2231 finem
696 2158 790 2232 facit
824 2157 1082 2231 Boehmianae
1119 2161 1208 2254 phi·

194 2293 413 2391 losoplriae,
447 2294 681 2392 principium
715 2293 876 2391 praebet
910 2289 1206 2378 Certesinnismi,

199 2425 306 2517 cujus
341 2427 474 2528 omnis,
493 2430 536 2499 in
560 2451 606 2499 eo
633 2444 692 2500 est
713 2428 791 2515 vie,
830 2444 876 2498 ut
900 2424 1085 2524 cogitatio
1109 2424 1208 2520 ipsa,

197 2558 366 2631 externis
404 2559 582 2633 omnibus
619 2561 813 2656 semisque
851 2585 931 2634 non
965 2559 1008 2630 in
1044 2555 1210 2629 dubium

198 2693 316 2770 modo
336 2692 511 2793 ¹vocatis,
548 2689 617 2764 sed
647 2691 914 2789 desperatione
945 2686 1118 2786 perfecti
1147 2711 1208 2758 re·

197 2826 321 2923 jectis,
344 2825 403 2908 ¹de
427 2825 588 2896 interitu
612 2848 743 2896 rerum
768 2821 942 2896 omnium
965 2820 1202 2918 triumphans

195 2962 241 3032 in
275 2960 490 3055 simplicem
519 2978 626 3028 suam
656 2980 696 3028 se
726 2952 901 3028 reflectat
936 2972 1130 3048 naturam3
1161 2950 1204 3022 in

199 3113 275 3188 qua
298 3106 427 3163 tamen
453 3083 670 3164 differentia
692 3090 851 3188 propria
874 3113 954 3162 non
976 3094 1095 3187 magis
1120 3100 1207 3183 pot·

199 3240 258 3294 est
288 3222 428 3309 abesse,
459 3247 574 3319 quam
603 3223 645 3294 in
675 3222 856 3295 Bcehnrii
891 3221 1032 3318 spiritu
1061 3236 1207 3305 sancto,

201 3353 487 3430 distinctionem
515 3357 710 3452 triplicem
739 3355 974 3428 involvente.
1025 3350 1209 3423 continet

199 3488 319 3586 igitur
344 3486 525 3584 cogitatio
552 3489 766 3562 Cortesinnn
793 3493 885 3559 Esse
908 3485 1048 3581 ipsum,
1086 3478 1208 3577 idque

201 3603 281 3691 tam
305 3619 496 3718 implicita
518 3620 680 3708 ratione,
705 3636 752 3694 ut
774 3624 864 3691 Esse
889 3638 979 3688 cum
1005 3611 1208 3712 cogitatio·

202 3779 252 3833 ne
275 3777 356 3827 non
380 3753 626 3834 conclusione
650 3749 807 3826 veriet
831 3746 1010 3824 distincti
1035 3769 1208 3844 compre·

1112 3881 1207 3952 hen·
