2642 4484
589 365 708 438 21ἱ

114 555 218 631 dum·
233 555 380 631 dictum
403 551 482 646 jem
499 569 574 638 est,
609 591 658 610 -
681 577 806 648 neque
829 549 980 627 finitam
1002 554 1136 628 ratio·c
1252 611 1258 620 x

109 699 205 761 nem
223 711 349 783 neque
374 686 623 759 substantiam
648 684 693 758 ei
718 687 777 757 uti
801 687 841 758 vi
866 703 905 757 et
923 688 1115 774 libertate,

109 839 156 892 ut
179 821 299 894 modo
324 819 537 892 necessario
569 819 854 907 distinctionem
883 843 906 891 e
928 809 1118 916 principio

108 977 202 1024 vere
232 947 422 1037 infinitam
441 1017 445 1026 ,
461 952 777 1047 erectionemque,
804 976 935 1024 rerum
968 952 1118 1048 possint

107 1081 268 1158 efficere.
317 1083 469 1154 Etenim
492 1083 585 1158 licet
607 1080 759 1156 finitam
781 1085 1000 1190 rationem„
1019 1107 1116 1180 quae

105 1240 176 1314 per
204 1217 467 1311 semetipsam
493 1241 571 1288 esse
595 1215 821 1301 videbatur,
855 1216 1027 1288 insuam
1052 1239 1118 1286 na·

105 1367 230 1422 turam
269 1350 459 1444 receperit
499 1348 727 1442 substantia;
777 1365 906 1422 tamen
951 1349 1117 1443 simplest
1175 1417 1180 1424 .

102 1481 200 1553 haec
234 1479 455 1573 conjunctio
485 1506 567 1584 non
598 1497 655 1554 'est
686 1504 730 1551 ea
761 1503 836 1575 qua
869 1481 1047 1554 distincte
1074 1490 1118 1549 ac

101 1615 273 1712 perfecte
318 1615 530 1687 substantia
554 1636 598 1691 ,a
640 1635 697 1696 se,
726 1612 809 1707 ipsa
852 1612 1116 1709 distinguatur.

100 1754 239 1843 Neque
277 1771 324 1818 eo
356 1741 565 1839 ¹congressu
600 1737 712 1817 finita
742 1742 841 1815 ratio
872 1743 1045 1816 absolute
1075 1769 1115 1816 se
1178 1811 1183 1823 ,

100 1874 257 1975 perficit
292 1877 520 1970 plenamque
562 1873 656 1952 facit
686 1871 846 1950 infinito
871 1903 942 1950 suo
972 1877 1115 1974 princi·

100 2012 183 2108 pio.
232 2009 447 2083 Substantia
479 2009 584 2080 tollit
616 2008 774 2104 quidem
804 2010 1031 2106 simpliciter
1055 2035 1114 2082 ra·

99 2144 246 2218 tionem
273 2137 443 2234 finitam3
478 2141 546 2213 sed
577 2165 622 2213 ea
652 2143 754 2214 actio
779 2138 945 2214 tollendi
960 2143 1112 2212 exstin-

96 2278 230 2375 guitur
254 2299 324 2346 suo
348 2269 441 2359 fine,
467 2291 506 2344 et
531 2274 575 2344 in
598 2274 769 2367 quietam
784 2273 921 2346 transit
940 2272 1112 2345 substan·

95 2409 173 2480 tiae
208 2431 338 2481 secum
373 2408 454 2502 ipsa
487 2401 817 2492 conjunctionem,
855 2421 902 2472 ut
932 2418 1035 2474 certa
1066 2427 1109 2473 ac

98 2539 277 2612 distincta
300 2538 341 2608 in
366 2559 410 2606 ea
436 2535 634 2618 distinctio
653 2536 813 2620 nonsit,
838 2551 883 2606 ut
894 2535 999 2612 ratio
1016 2560 1106 2608 vere

94 2666 205 2740 finita
230 2668 309 2739 sive
341 2668 421 2740 fere
452 2663 606 2742 infinita
636 2693 686 2741 ex
710 2693 755 2740 ea
778 2695 856 2746 non
882 2670 1029 2770 existat.
1052 2707 1106 2741 .-

91 2803 205 2875 Ratio
243 2818 370 2874 autem
404 2797 515 2884 finita
551 2825 671 2908 aeque
707 2802 872 2898 simplici
908 2801 1028 2872 modo
1059 2802 1101 2872 in

92 2934 342 3008 substantiam
358 2935 647 3032 transgreditur,
672 2954 729 3022 ut,
756 2955 985 3030 quamquam
999 2930 1102 3026 prin-

93 3066 193 3160 cipio
225 3061 382 3139 infinito
412 3063 608 3154 afficiatur,
650 3085 780 3139 temen
807 3065 850 3136 in
880 3085 920 3131 se
951 3085 1028 3134 non
1058 3088 1098 3136 se

89 3192 275 3279 reflectat,
306 3217 431 3289 neque
463 3199 663 3294 accipre
695 3220 734 3267 se
766 3193 988 3289 repellendo
1012 3219 1096 3290 per·
1214 3280 1218 3284 ⁴

88 3329 191 3404 fecte
220 3349 261 3396 se
276 3325 514 3422 ‚distinguat
570 3327 761 3426 Cogitatio
784 3326 902 3423 igitur
924 3326 1094 3424 philoso-

85 3463 208 3560 phans
241 3457 344 3554 apud
373 3457 577 3553 Spinozam
607 3476 716 3532 extra
745 3474 803 3530 est
831 3433 1093 3544 substantiam,

84 3595 187 3683 ideo,
211 3590 322 3689 quod
346 3589 569 3687 simpliciter
594 3593 717 3668 estin
741 3616 826 3665 eam-
849 3594 1007 3664 inclusa.
1040 3595 1092 3662 Ut

86 3747 130 3796 ea
150 3748 239 3796 vere
260 3727 366 3801 sitin
383 3723 606 3812 substantia,
632 3743 671 3798 et
691 3725 900 3798 substantia
920 3722 1088 3816 perfecte

83 3859 127 3928 in
152 3856 381 3952 cogitatione
397 3857 687 3955 philosophica,
712 3857 760 3930 ad
776 3857 853 3930 hoc
867 3854 1085 3948 requiritur,
