2642 4484
212 515 456 609 „sectionem
481 511 554 582 nisi
580 498 744 585 adalim
759 532 820 584 res
838 514 1089 602 attendemus,
1115 539 1212 612 qnae

207 655 321 749 „Plus
354 646 498 717 habent
521 645 741 734 mediatim
774 663 929 741 peccata
958 673 1037 720 non
1075 651 1213 730 consis-

205 800 324 874 „tum
350 783 392 852 in
427 779 567 872 aliquo,
606 777 712 872 quod
749 780 973 853 sectatorem
1003 783 1211 876 exprimam

209 917 379 1006 ,malum
410 913 508 982 nihil
538 909 643 983 alind
675 935 788 1006 quam
825 912 1048 1007 privationis
1080 931 1211 999 status,

209 1047 404 1152 ,fflrs'eats'o
430 1061 557 1116 autem
581 1044 680 1115 nihil
695 1045 916 1142 positorum,
941 1063 1118 1142 respectu
1143 1071 1212 1116 no·

208 1182 316 1280 „stri
340 1203 419 1250 non
443 1201 536 1248 vero
561 1175 697 1246 Divini
721 1176 938 1248 intellectus
963 1180 1017 1249 ita
1041 1181 1212 1250 nomine·

138 1312 141 1322 '
207 1331 309 1402 „tun
359 1317 410 1381 Et
438 1333 524 1407 pag.
551 1328 634 1398 512„
671 1313 776 1379 Deus
808 1328 864 1382 est
897 1312 1070 1384 absolute
1102 1335 1212 1382 censs

207 1447 418 1534 „omnium
445 1467 541 1539 quae
568 1443 767 1514 essentiam
791 1443 952 1538 habent3
978 1447 1122 1515 malum
1147 1469 1211 1514 au·

206 1597 325 1666 ‚‚tem‚
352 1601 469 1662 error,
503 1577 624 1648 scelus
651 1578 850 1647 essentiam
874 1601 952 1649 non
978 1579 1210 1673 exprimunt,

206 1735 324 1808 „ergo
353 1713 458 1781 Deus
494 1733 629 1780 eorum
658 1735 738 1780 non
775 1726 830 1780 est
868 1734 989 1780 cause.
1043 1709 1210 1780 Neronis

193 1843 502 1932 .„1natricidinm‚
522 1859 709 1936 quatenus
728 1842 872 1936 aliquid
880 1832 1211 1941 pose'tebumcom'·

205 1974 513 2070 „prehendebat,
544 1973 667 2042 scelus
696 1999 774 2044 non
806 1991 905 2066 erst3
940 1976 1063 2046 scelus
1091 1977 1133 2045 in
1163 1997 1210 2044 eo

189 2105 475 2195 '„e1stsolum,
502 2102 607 2196 quod
631 2104 836 2200 ingratum,
868 2085 1211 2185 immisericordem

203 2264 276 2328 „sc
307 2235 599 2312 inobedientem
630 2236 801 2307 animum
839 2237 1069 2308 ostenderet.
1129 2243 1213 2312 Ho-

204 2396 317 2459 „rum
348 2386 475 2440 eutem
504 2368 604 2438 nihil
639 2369 821 2464 exprimit
856 2373 1095 2441 essentiam.“
1149 2374 1232 2472 Ex,

201 2506 262 2575 his
303 2502 479 2574 omnibus
513 2501 761 2602 intelligiturt
803 2502 1013 2596 perfectam
1050 2501 1150 2571 boni
1188 2527 1212 2573 a

201 2636 304 2706 melo
337 2633 623 2704 distinctionem
652 2635 694 2703 in
724 2635 888 2729 Spinoza
922 2659 1001 2705 non
1032 2633 1226 2705 inveniri.-

202 2760 431 2840 Differentie
457 2764 560 2859 apud
585 2789 674 2834 eum
697 2767 792 2837 boni
818 2791 838 2837 n
867 2768 969 2837 malo
995 2791 1074 2837 non
1102 2783 1213 2836 natu·

203 2897 247 2972 ri
275 2899 504 2971 continetur.
517 2918 648 2966 rerum
671 2898 913 2994 tolliturque,
938 2923 1017 2968 non
1036 2889 1214 2967 nat‘uranr

201 3030 321 3104 ,afficit
344 3034 523 3126 ipsarum,
549 3027 618 3100 sed
643 3029 764 3100 aliene
796 3046 853 3100 est
879 3030 1049 3115 erebus,
1077 3031 1216 3101 aliena·

204 3165 312 3235 tione
348 3162 512 3257 simplici
553 3156 756 3250 definiam,
807 3163 1090 3258 comparatione
1129 3161 1215 3232 soli

204 3293 389 3380 efficitur,
441 3296 483 3364 in
530 3295 732 3366 intellectu
758 3313 815 3367 est
861 3314 1012 3367 tantum
1065 3311 1213 3377 nostro,

200 3455 283 3502 non
322 3427 364 3498 in
401 3426 604 3497 intellectu
642 3423 809 3501 infinito.
878 3434 1029 3500 Bonum
1071 3450 1111 3497 se
1150 3425 1213 3519 ip·

207 3587 293 3634 sum
332 3585 353 3632 a
389 3558 490 3629 malo
524 3583 603 3630 non
641 3558 859 3657 distinguit,
899 3585 983 3632 non
1010 3584 1051 3631 se
1083 3562 1213 3653 ipsum

199 3695 321 3790 *ponit
370 3710 482 3787 etque
528 3691 701 3764 absolvit.
776 3693 887 3764 Nihil
934 3715 1023 3787 ergo
1076 3688 1212 3787 positi-

158 3875 160 3878 -
209 3848 302 3898 vum
346 3826 387 3895 in
432 3825 535 3897 bono
584 3824 746 3918 Spinozn
790 3825 892 3910 ¹dicit
937 3845 1034 3917 esse3
1087 3823 1210 3896 idem·
