2642 4484
584 307 636 387 43

109 515 242 570 natura
267 495 490 572 efficientiae
513 491 709 586 infinitae,
734 497 932 574 disnnctio
954 505 1108 578 inclusi·

100 631 192 731 puis
220 649 260 704 et
285 621 480 703 conclusio
508 623 747 704 differentiae
771 633 965 704 attributis
983 639 1114 734 expri·

107 766 227 834 mitur
253 780 292 846 et
316 761 453 837 aradis.
503 770 606 862 Quae
633 763 826 837 attributis
852 762 1112 844 distinctam

108 892 338 980 substantia,
370 895 424 968 ita
450 896 497 968 ad
521 896 791 970 sanandorum
815 898 959 970 auxilio
988 925 1029 971 se
1053 926 1112 974 re·

110 1027 243 1111 trahit,
268 1043 313 1096 ut
338 1021 603 1117 differentiam,
624 1053 727 1126 ‚quae
750 1025 830 1101 lixa
854 1055 935 1102 esse
953 1035 1115 1107 attribu·

110 1159 170 1230 tis,
185 1157 348 1247 videtur,
374 1162 497 1234 modis
523 1177 670 1235 evertat
695 1162 895 1260 tolletque,
921 1166 1058 1259 quibus
1070 1167 1114 1238 in

110 1291 193 1362 alio
212 1317 309 1380 esse,
344 1317 393 1366 ex
418 1295 494 1368 alio
518 1295 688 1392 pendere
713 1287 932 1367 differentia
957 1297 1115 1372 demon·
1149 1307 1153 1312 ’

105 1441 262 1496 δῑῐθῐΠῐ.
302 1465 304 1472 ’

205 1564 272 1628 Est
297 1581 388 1656 ergo
413 1559 455 1632 in
480 1557 526 1629 ei
551 1558 809 1653 descriptione
823 1558 979 1628 initium
994 1559 1119 1655 quod·

111 1687 200 1760 dam
223 1689 416 1784 perfectae
443 1690 719 1775 distinctionis,
755 1713 870 1785 quam
897 1689 984 1762 idea
1010 1687 1118 1765 abso-

110 1821 194 1892 luta
219 1821 292 1890 sibi
316 1820 512 1920 propriam
541 1821 665 1892 habet·
688 1836 803 1918 atque
833 1823 1122 1900 immanentem,

114 1952 331 2022 Substantia
365 1952 549 2050 generali,
562 2026 564 2029 ,
579 1991 630 2012 -
659 1955 842 2027 attributa
876 1950 1118 2051 specialibus,

113 2083 222 2156 modi
245 2085 400 2182 singulis
430 2087 676 2182 respondent.
725 2093 814 2161 Hoc
843 2105 973 2160 autem
987 2091 1120 2164 inter·

114 2233 172 2289 est
195 2218 297 2288 inter
319 2219 569 2312 substantiam
594 2236 709 2316 atque
732 2219 862 2291 ideam
892 2221 1119 2310 absolutam,

113 2365 158 2422 ut
189 2351 285 2421 haec
315 2375 354 2422 se
384 2353 465 2448 ipsa
499 2351 679 2424 distincte
711 2350 937 2446 distinguat,
967 2343 1121 2452 suisque

115 2507 155 2553 se
180 2483 326 2554 viribus
353 2507 372 2552 e
405 2477 631 2554 differentia·
652 2498 766 2577 atque
798 2483 1040 2578 oppositione
1071 2487 1124 2562 ad

118 2637 199 2684 sese
224 2614 403 2706 reducat3
427 2653 477 2670 -
500 2631 546 2685 ut
570 2616 746 2712 generale
764 2613 873 2688 ideae
890 2606 1122 2717 principium
1172 2604 1175 2619 '

115 2747 243 2845 ipsum
267 2771 307 2819 se
334 2747 498 2832 dirimat,
524 2749 703 2845 specialia
719 2745 867 2835 efficiat,
893 2749 1016 2846 iisque
1032 2775 1126 2847 pro·

115 2880 202 2976 prii
227 2883 375 2954 actione
393 2880 576 2954 tollendis
594 2882 786 2980 singulum
804 2881 1019 2980 perfectum
1033 2902 1123 2978 pro·
1177 2973 1184 2989 .

119 3015 246 3102 ducat,
268 3024 348 3110 'quo
374 3015 551 3110 specialia
575 3039 706 3088 secum
730 3015 822 3110 ipsis
847 3029 887 3084 et
906 3034 994 3082 cum
1010 3038 1122 3112 gene·

119 3145 191 3215 rui
221 3146 412 3240 potentia,
443 3145 531 3215 idea
560 3169 635 3216 una
669 3169 757 3214 cum
783 3145 1025 3240 oppositione
1055 3175 1129 3222 sua·

121 3275 385 3348 concludatur.
413 3276 633 3347 Substantia·
650 3292 780 3347 autem
796 3301 874 3348 non
889 3301 929 3349 se
944 3279 1124 3355 distincte

122 3408 340 3504 distinguit,
380 3408 575 3480 attributis
615 3433 696 3481 non
738 3409 909 3483 refacit
944 3413 1018 3485 sibi
1049 3412 1125 3506 ipsi

121 3542 350 3616 contrariam
379 3564 504 3639 neque
540 3541 783 3638 oppositione
812 3543 892 3640 ipsa
927 3568 966 3614 se
996 3566 1131 3617 secum-

123 3673 332 3749 concludit.
395 3675 594 3748 Attributa
636 3676 738 3779 enirn
776 3675 1007 3750 substantiae
1050 3673 1135 3749 effi·.

126 3802 264 3875 cientii
287 3801 440 3880 infiniti
465 3810 723 3896 continentur,
752 3831 877 3904 neque
900 3805 996 3878 haec
1020 3806 1126 3879 attri-
1245 3869 1249 3879 ,
