2642 4484
526 373 530 379 .
600 269 659 385 is

130 542 181 566 -ι-
204 503 279 580 Sed
304 503 400 575 haec
423 503 506 598 ipsa
531 498 774 597 cogitationis
799 521 888 569 cum
913 491 1134 576 extensione

132 640 373 736 conjunctio,
417 655 532 730 quam
572 629 784 704 substantii
825 623 987 728 spinosa
1032 661 1136 709 com·

130 772 358 875 prehendit3
398 764 563 864 timfflici
592 765 751 837 'ratione
789 783 847 835 est
882 767 997 836 etiam
1033 769 1136 865 apud
1182 784 1187 795 ¹

131 906 355 981 castesium.
407 905 510 973 Nam
544 899 632 996 quia
667 898 917 969 substantiam
946 895 1138 976 infinitam

130 1064 217 1112 eam
242 1035 477 1110 demonstrat
500 1056 579 1105 essa
602 1034 829 1128 potentiam,
860 1057 882 1104 e
907 1056 982 1129 qua
1004 1027 1138 1108 finitae

130 1171 363 1247 substantiae
398 1166 592 1265 pendeant
629 1154 778 1252 omnes,
818 1169 860 1238 in
902 1167 965 1239 his
1008 1179 1139 1239 autem

120 1299 349 1378 differentia
385 1299 535 1372 exsistit
573 1301 809 1374 extensionis
845 1317 959 1399 atque
996 1303 1137 1398 cogita·

126 1437 264 1534 tionis3
299 1457 452 1506 necesse
483 1449 557 1521 est,
595 1433 712 1505 etiam
739 1434 782 1504 in
811 1432 937 1530 primi
966 1435 1137 1506 substan·

127 1570 201 1659 tit,
247 1567 355 1661 cujus
393 1570 645 1654 „concursu“
693 1581 842 1636 ceterae
883 1567 1137 1653 sustinentur,

127 1705 300 1802 priorem
325 1724 405 1774 esse
431 1696 719 1770 distinctionem
743 1713 901 1769 naturae
927 1715 1041 1796 atque
1060 1697 1137 1774 effi.
1204 1755 1217 1774 ,

127 1834 308 1917 cientiae,
351 1846 398 1934 ut
439 1828 642 1902 distinctae
679 1830 911 1904 substantiae
953 1822 1135 1904 distincto

128 1987 321 2038 concursu
345 1959 589 2056 adjuventur.
624 1969 751 2064 Atque
778 1965 982 2062 quominus
1000 1968 1042 2038 in
1058 1965 1137 2062 pri·

126 2117 237 2172 mum
272 2094 429 2168 initium
465 2121 510 2168 ea
546 2095 684 2172 divisio
724 2099 881 2171 sublata.
913 2099 1136 2195 recipiatur,

126 2230 292 2327 impedit
329 2230 449 2325 nihi13
491 2254 582 2302 cum
622 2236 742 2304 etiam
779 2228 884 2326 apud
926 2233 1138 2301 castesium

127 2357 347 2438 differentia
377 2364 474 2434 haec
504 2361 714 2436 modorum
745 2362 793 2432 ab
825 2362 1019 2432 attributis
1049 2363 1138 2434 sub·
1200 2387 1204 2392 ·

127 2487 289 2570 stantiae
312 2488 536 2587 indifferens
560 2494 611 2564 sit
633 2493 802 2589 ideoque
825 2495 866 2566 in
887 2482 1138 2570 substantiam

127 2629 293 2713 inclusa,
330 2630 456 2724 neque
484 2621 643 2722 proprii
667 2623 916 2702 distinctione
940 2643 1136 2703 removea-

128 2779 205 2834 tur.
260 2760 370 2832 Dicit
404 2757 525 2832 enirn:
569 2762 677 2848 „Per
712 2761 849 2835 modos
880 2762 994 2859 plane
1029 2763 1143 2836 idem*

129 2888 423 2993 „intelligimus,
469 2891 576 2992 quod
616 2892 714 2966 alibi
742 2917 814 2990 per
849 2894 1035 2966 attributa
1067 2875 1136 2970 'vet

130 3029 369 3123 ‚‚qualitates.
424 3027 500 3099 Sed
531 3047 621 3100 cum
650 3026 934 3120 consideramus
952 3025 1136 3100 substan·
1257 3025 1262 3032 ’

131 3158 252 3242 „tiam
276 3160 324 3230 ab
347 3159 424 3229 illis
450 3156 559 3246 affici,
584 3161 659 3260 vel·
672 3158 823 3244 variari,
848 3181 1027 3232 vocamus
1052 3186 1135 3238 mo·

130 3288 248 3382 „dos3
286 3313 375 3361 cum
408 3291 620 3386 generalius
654 3307 868 3388 spectamus
904 3298 1056 3367 tentum
1090 3315 1135 3368 et

129 3397 389 3512 „substantiae
412 3422 549 3510 inesse,
580 3439 762 3497 vocamus
788 3426 985 3506 attributa.
1022 3427 1135 3499 Ideo-

63 3621 65 3626 .
128 3555 296 3654 „quein
319 3559 406 3630 Deo
431 3533 514 3629 iton
533 3557 690 3656 proprie
713 3558 851 3632 modos
884 3577 951 3631 tut
974 3561 1134 3656 qualite·

131 3705 225 3776 ,‚tes,
250 3689 319 3762 sed
344 3669 527 3764 attributa
550 3673 702 3765 tantum
726 3692 890 3767 dicisum
915 3701 1035 3769 esse.“
1080 3711 1084 3716 ’

125 3837 133 3852 ”
223 3823 296 3894 His
335 3845 434 3922 ergo·
461 3823 764 3915 demonstretur,
798 3849 914 3926 quam
947 3843 1050 3902 arcte
1079 3829 1133 3904 sit
