2642 4484
710 239 770 316 38.

202 389 349 542 'Nihil
378 427 497 526 igitur
527 425 624 500 dicit
654 426 820 523 Spinoza
847 423 921 498 nisi
951 422 1234 522 hocsimplex:

237 587 316 636 asse
351 561 616 646 substantiam,
658 577 833 632 naturam
873 556 954 648 eiua
989 558 1236 631 necessariam

238 691 390 768 definiri
421 710 611 791 oportere,
643 687 888 774 definitiones
918 691 1152 763 substantiae
1179 715 1237 786 ap·

236 843 293 900 tas
324 825 506 900 attributa
536 824 679 908 vocari,
709 849 789 899 non
821 841 950 900 autem
981 849 1004 896 a
1031 821 1238 896 substantii

236 957 326 1056 ipsi.
342 982 402 1030 aas
427 956 603 1051 produci,
634 957 702 1029 sed
732 958 857 1032 aliena
877 957 918 1030 vi
940 953 1090 1044 inferri,
1117 958 1239 1030 aliam-

237 1116 311 1189 que
335 1090 434 1162 hanc
458 1091 538 1162 vim
561 1089 768 1164 modorum
791 1088 947 1164 nontine
972 1087 1177 1187 designari.
1293 1140 1294 1153 η

332 1225 543 1296 Necessitas
564 1241 693 1296 autem
710 1221 826 1312 hujus
849 1221 1133 1318 explicationis,
1160 1200 1241 1296 causs

236 1377 293 1441 sa,
326 1379 395 1426 eur
424 1355 501 1426 sint
532 1355 717 1428 attributa
740 1371 781 1426 et
804 1353 930 1440 modi,
966 1378 1015 1426 ex
1045 1355 1132 1452 ipso
1157 1356 1240 1428 sub·

237 1488 397 1560 stantiae
421 1488 612 1584 principio
637 1489 744 1560 nulla
776 1485 1003 1578 deducitur3
1035 1489 1242 1562 substantia

235 1636 319 1693 tota
344 1621 466 1692 estin
491 1603 785 1709 accidentibun·
805 1622 931 1719 iisque
954 1621 1139 1694 tollendis
1165 1639 1242 1694 tota

237 1770 458 1850 occupatur.
507 1757 634 1850 Atque
666 1755 762 1826 haec
791 1756 914 1851 prima
947 1771 1005 1826 est
1035 1753 1119 1845 ejus
1153 1751 1243 1828 defi·

235 1889 336 1963 nitio
362 1903 402 1958 et
425 1869 591 1956 inaximo
616 1888 793 1979 propria;
823 1887 878 1957 ita
902 1903 948 1956 ut
972 1886 1147 1959 accidere
1173 1888 1245 1960 dis·

237 2016 464 2088 tinotionem
487 2017 529 2085 in
550 2016 794 2110 Spinozismo
820 2040 987 2104 omnem,
1016 2020 1145 2090 autori
1169 2045 1248 2093 non

235 2149 357 2246 possit
389 2146 431 2217 in
464 2146 562 2220 vitio
601 2145 702 2234 dari,
740 2168 861 2242 quum
896 2146 1067 2244 singulus
1102 2172 1174 2244 per
1208 2178 1249 2225 se

238 2282 399 2378 quisque
424 2279 671 2378 ,cogitationis
707 2278 1000 2377 philosophicae
1037 2278 1250 2376 amplifica-

236 2427 301 2482 tor
326 2429 474 2484 certum
490 2423 538 2484 Jet
560 2408 841 2500 fixumteneat
862 2413 1109 2510 principium,
1141 2417 1253 2511 quod

237 2539 445 2642 perfectips
484 2545 758 2640 exponendum
793 2545 899 2618 aliud
927 2546 1105 2642 ,requirat
1142 2550 1250 2649 inge·

238 2649 362 2762 ninm3
384 2699 509 2772 neque
533 2674 745 2770 perfectam
769 2679 926 2752 omnino
952 2678 1012 2749 sui
1037 2678 1158 2774 ipsius
1185 2709 1250 2755 ex·

238 2807 979 2908 planationemioontprehamionemque
1012 2833 1249 2909 assequatur,

200 2993 203 3000 .
238 2941 313 3012 nisi
338 2939 386 3011 ad
401 2934 529 3010 'finem
554 2908 783 3027 extrenum,
806 2943 882 3014 nisi
901 2942 950 3015 atl
965 2943 1251 3021 absolutionem

239 3070 378 3144 mentis
403 3070 529 3166 ipsum
553 3060 783 3168 pervenerit.

254 3245 263 3258 ·
300 3229 314 3266 x.
336 3207 470 3297 Itaque
495 3205 676 3300 Spinoza,
710 3207 942 3280 substantiae
966 3207 1159 3305 principio
1187 3213 1254 3286 de·

241 3329 373 3436 finito„-
394 3337 498 3404 nerto
524 3337 692 3433 quodam
717 3339 860 3412 ordine.
877 3306 1160 3436 prepositiones
1183 3347 1252 3418 ad.

241 3463 539 3563 mittit0'.quibue
564 3466 720 3542 initium
741 3472 844 3543 illud
869 3471 1081 3542 accuratius
1108 3473 1255 3550 descri-

241 3597 366 3670 batur.
430 3597 551 3690 Dioita
576 3599 714 3696 igitur:
766 3603 1047 3691 „Substantiam
1076 3604 1255 3700 priorem

242 3729 378 3802 naturi
401 3728 480 3800 suis
502 3753 581 3802 esse
606 3727 875 3809 affectionibus
898 3730 1004 3826 (Eth.
1021 3739 1052 3809 1.
1076 3743 1251 3840 prop01.)
