2642 4484
131 475 379 550 substantiam
412 476 608 570 pertinent
643 472 917 566 definiendam,
959 482 1007 555 de
1041 486 1127 558 Deo
1169 514 1174 527 ·

129 634 208 681 esse
235 607 461 684 affirmanda.
511 615 616 679 Unus
644 610 763 706 igitur
787 613 891 681 Deus
916 618 1126 691 necessario

128 760 202 827 est,
239 743 282 812 in
315 764 355 812 se
388 742 472 835 ipso
503 766 546 812 ac
574 763 645 835 per
672 764 712 813 se
743 742 888 835 ipsum,
922 768 1032 817 causa
1055 751 1125 833 sui,

126 870 328 945 efficientia
361 869 523 946 infinita
552 890 591 945 et
625 890 774 945 aeterna
817 894 891 963 est,
933 900 1030 972 quae
1067 900 1125 949 res
1215 885 1217 891 '

125 1006 321 1077 uniuersas
344 1006 582 1103 singulasque
606 1007 646 1077 in
670 1030 710 1079 se
736 1007 1029 1105 comprehendit
1057 1006 1127 1077 im-

125 1138 297 1230 plicatas,
320 1138 433 1209 rebus
457 1140 556 1209 inest
581 1139 686 1231 ipsis,
711 1165 835 1235 neque
861 1166 882 1211 e
907 1166 947 1242 se
973 1140 1022 1212 ad
1041 1141 1125 1213 illas

123 1268 358 1363 traducitur3
384 1270 452 1342 sed
477 1272 604 1343 omnia
627 1274 850 1344 necessitate
869 1270 1020 1345 infiniti
1038 1296 1126 1345 con·

121 1402 246 1473 nectit
283 1403 403 1498 eique
443 1402 528 1496 ipsi
560 1404 783 1475 necessitate
818 1404 1053 1499 implicatam
1087 1420 1126 1473 et

122 1535 257 1605 naturai
292 1535 361 1607 suti
397 1535 641 1624 conjunctam
678 1535 849 1605 continet
888 1536 1124 1626 libertatem

118 1706 169 1722 —-
192 1685 356 1762 utraque
381 1668 484 1737 enim
507 1667 643 1752 forma,
669 1648 714 1737 et¹
732 1666 931 1739 necessitas
957 1684 996 1736 et
1011 1667 1125 1737 liber·

111 1819 190 1883 tas,
214 1800 257 1867 in
280 1798 490 1869 substantia
515 1815 571 1868 est
595 1798 697 1892 ipsa;
724 1799 972 1870 necessariam
987 1824 1027 1869 se
1046 1822 1124 1869 esse

120 1955 168 2002 eo
194 1928 448 2011 demonstrat,
482 1947 527 2001 ut
556 1954 597 2001 se
621 1930 746 2024 ipsam
770 1927 907 2005 efficiat
932 1926 1122 2003 effectant-
1224 1954 1232 1977 ⁷

9 2113 10 2116 ,
112 2084 195 2157 *que
219 2084 349 2132 secum
374 2061 595 2157 concludat;
630 2087 750 2160 eaque
775 2064 1007 2136 necessitatis
1032 2088 1121 2135 suae

8 2181 10 2192 ’
117 2194 392 2267 demonstratio
416 2194 495 2265 vim
518 2196 636 2289 ipsius
670 2221 824 2268 omnent
855 2195 1031 2286 exponit,
1065 2196 1120 2262 ita
1210 2254 1211 2263 ,

87 2419 93 2431 x
113 2345 159 2400 ut
183 2326 284 2397 nihil
307 2328 356 2397 sit
379 2328 461 2419 ipsa
485 2326 559 2397 nisi
583 2350 629 2396 ea
660 2327 761 2397 actio
791 2324 1022 2396 necessitatis
1054 2347 1116 2395 ex·

113 2458 326 2555 plicatiles,
357 2458 430 2528 nisi
455 2457 650 2528 conclusio
675 2456 771 2527 haec
801 2452 954 2527 infinita·
978 2455 1115 2527 forma·
1162 2509 1167 2519 a

112 2615 201 2664 rum
226 2588 512 2674 contrariarum,
538 2609 670 2660 causae
689 2604 802 2686 atque
821 2582 990 2661 effectus.
1021 2592 1112 2661 Non
1222 2588 1225 2597 ’

108 2724 229 2822 igitur
267 2722 475 2792 necessaria
511 2720 653 2807 solunt,
694 2720 762 2793 sed
797 2722 994 2793 necessitas
1029 2720 1111 2809 ipsa

110 2857 318 2929 substantia
343 2872 411 2928 est.
434 2892 484 2909 ·-
522 2854 712 2951 Quoniam
737 2872 864 2925 autem
888 2852 965 2923 suis
989 2848 1108 2941 ipsius

21 3020 28 3033 ·
110 3012 149 3059 se
173 2989 317 3059 viribus
342 2985 578 3081 simplicibus
602 2984 786 3079 producit
809 2984 1001 3078 habetque
1019 3002 1108 3074 pro·

113 3117 277 3202 ductam,
303 3140 444 3212 suaque
461 3116 579 3210 ipsius
597 3135 654 3189 est
674 3139 784 3188 causa
798 3132 910 3210 atque
930 3108 1105 3205 effectum

22 3240 26 3250 ’
109 3248 191 3320 vim
214 3247 375 3342 alienam
397 3271 476 3317 non
497 3248 662 3339 patitur,
696 3247 765 3320 sed
787 3248 909 3320 libera
932 3264 989 3319 est
1018 3247 1105 3319 sim·

106 3379 264 3477 pliciter
287 3377 328 3449 in
352 3401 403 3464 se,
430 3401 450 3447 e
475 3400 515 3449 se
538 3380 620 3470 ipsa
642 3379 799 3469 pendet.
833 3408 836 3419 ¹

128 3518 138 3532 ‘
197 3489 236 3585 ‘A
270 3507 479 3581 necessarii
512 3521 552 3578 et
585 3508 706 3580 libera
740 3513 812 3583 hac
844 3512 920 3584 Dei
954 3506 1102 3580 actione

107 3646 270 3738 Spinona
293 3642 532 3715 intellectum
555 3642 765 3717 humanum
795 3662 834 3716 et
866 3642 1103 3713 voluntatem

109 3776 301 3850 discernit.
