2642 4484
151 431 340 536 jungeret.
391 435 467 510 Sed
498 452 542 544 ta
573 436 795 532 conjunctio
821 438 896 512 luit
918 439 1083 537 simplex
1107 457 1162 514 at·

155 594 230 668 que
254 569 479 668 imperfecta
503 596 635 671 neque.
653 573 844 644 contraria
874 571 1005 646 medio
1038 573 1163 646 conti·

154 704 253 792 nnit,
280 702 386 800 qnod
411 727 460 778 ax
482 704 543 778 his
567 705 659 801 ipsis
685 705 913 778 immanenti
930 707 1078 780 ratione
1104 705 1163 778 lu·

156 840 232 910 erit
262 829 454 908 effectum.
509 837 668 910 Etenim
695 862 821 935 neque
850 837 893 908 in
921 839 1163 935 generalibus

155 969 249 1066 ipsis
279 970 396 1064 inque
427 992 468 1042 aa
503 947 683 1066 spectatis
718 970 959 1068 singulorum
991 973 1167 1068 ipsorum

155 1101 212 1172 vis
240 1123 282 1174 ac
306 1117 460 1194 natura3
485 1126 610 1199 neque
634 1104 677 1176 in
700 1103 858 1203 singulis
876 1104 1062 1201 generalis
1075 1129 1168 1178 con·

155 1249 216 1304 tra
239 1235 412 1334 potentia
436 1235 744 1334 intelligebatur3
778 1236 848 1308 sed
870 1237 1031 1307 tertium
1054 1235 1170 1332 quid·

158 1361 259 1454 dam,
285 1368 523 1452 extrinsecus
543 1385 756 1466 acceptum,
779 1405 830 1424 -
853 1369 997 1467 species
1015 1369 1062 1442 ab
1080 1371 1166 1443 uni·

155 1501 365 1574 'vestalibus
403 1525 521 1600 aeque
553 1519 668 1599 atque
698 1527 721 1574 a
755 1502 913 1602 singulis
945 1503 1085 1589 aliena,
1114 1538 1168 1561 ι-
1199 1495 1204 1508 ’

157 1632 306 1706 nodum
338 1635 515 1714 faciebat.
564 1636 626 1708 Sic
656 1659 679 1706 e
710 1636 945 1735 cogitatione
975 1635 1060 1732 ipsi
1088 1661 1169 1710 ma·

157 1767 279 1841 teriae
303 1759 537 1867 principium
561 1795 642 1844 non
667 1763 922 1857 efficiebatur,
952 1794 1025 1843 nec
1048 1786 1168 1842 mate·

155 1897 215 1968 ria
241 1898 290 1969 cd
315 1901 589 1997 cogitationem
617 1903 768 1973 sublata
797 1927 838 1974 se
868 1904 951 1999 ipsa
979 1903 1167 1976 solvebat.

155 2032 293 2124 Neque
317 2035 395 2104 Dei
423 2031 545 2129 ipsius
576 2032 665 2104 idea
690 2033 864 2104 absoluta
894 2057 975 2104 esse
1009 2060 1050 2106 se
1072 2060 1169 2136 pro·

146 2161 255 2265 -pra'sb
278 2163 424 2238 viribus
451 2153 758 2255 demonstrabam
783 2163 852 2236 sed
868 2180 1068 2260 antecapto
1084 2167 1167 2243 sine

147 2294 305 2386 judicio
350 2297 482 2393 opinio
527 2297 822 2396 propositioque
869 2267 1168 2392 perfectissimae

157 2447 316 2501 naturae
343 2433 629 2504 conclusionem
643 2431 744 2506 hanc
760 2429 1003 2526 suscipiebat
1029 2436 1169 2526 Quam·

156 2564 214 2634 vis
234 2562 355 2661 igitnx
377 2565 567 2637 elementa
586 2566 715 2638 omnia
729 2563 870 2636 mentis
884 2585 975 2634 vere
991 2557 1168 2638 infinitae

157 2695 283 2770 adsint
324 2698 367 2770 in
408 2698 482 2785 hac
523 2696 797 2796 philosophia3
831 2731 883 2750 -
928 2696 1067 2770 mentis
1113 2713 1169 2768 ta·

156 2854 248 2907 men
270 2831 470 2904 vinculum
496 2837 535 2900 et
554 2829 710 2925 proptia
728 2826 937 2924 explicatio
959 2828 1085 2900 adhuc
1102 2826 1183 2898 de·-

156 2980 228 3035 est.
279 2969 412 3059 ltaque
445 2963 583 3036 divisio
613 2961 681 3032 illa
711 2975 752 3033 et
782 2958 984 3057 dissipatio
1012 2958 1167 3033 univer·

156 3094 307 3182 salium,
335 3095 384 3168 ad
410 3096 559 3194 singula
584 3091 747 3166 creanda
770 3091 946 3167 nondum
969 3073 1175 3190 praepara-¹

158 3244 306 3312 torum,
338 3229 644 3301 inanissimarum
662 3224 875 3298 formarum
896 3225 1170 3306 abundantiam

158 3356 275 3438 efficit
300 3377 340 3432 et
365 3359 670 3482 distingtionum.
720 3356 951 3449 conjunctio
972 3375 1105 3430 contra
1121 3357 1170 3428 il·

157 3493 283 3568 larum
324 3490 615 3576 distinctionum
652 3509 692 3564 et
730 3490 924 3577 confusio,
970 3505 1169 3560 aeternum

154 3625 286 3720 ipsum
317 3625 365 3698 ad
396 3623 607 3722 perniciem
631 3621 837 3696 finitorum
861 3619 1030 3694 abducit.
1079 3615 1170 3693 Effi-

159 3755 261 3828 citur
294 3774 424 3832 autem
457 3755 503 3828 el
529 3756 813 3830 contrariorum
843 3750 1090 3841 confusione,
1124 3767 1170 3822 ut
