2642 4484
697 242 748 317 8⁰

227 430 536 506 observavimus·
586 434 684 523 Sunt
721 432 762 509 in
798 432 1005 505 substantia
1042 432 1220 530 cogitatio

226 583 340 661 atque
364 563 556 648 extensio,
585 580 625 635 et
654 581 783 639 tamen
812 566 958 663 singula
982 566 1087 639 inse
1113 590 1220 661 quae·
1314 610 1315 613 =

225 722 300 794 qne
324 696 447 770 forma
470 696 671 775 retinetur.
720 704 754 771 Α
777 722 818 772 se
840 698 1006 771 invicem
1024 715 1112 769 sunt
1137 698 1221 769 alie·

223 853 327 915 nae,
363 850 482 925 quum
518 845 646 901 tamen
683 830 831 929 singula
870 854 940 925 per
976 855 1015 899 se
1053 854 1220 927 quaeque

222 985 338 1039 unam
380 978 494 1056 atque
532 961 694 1045 eandem
733 963 982 1038 substantiam
1022 981 1218 1059 ptoponat.

224 1102 327 1192 Quae
350 1096 600 1191 repugnantia
625 1118 745 1191 quum
772 1095 953 1196 lateatlin
977 1096 1222 1181 substantiam

221 1228 514 1325 inclusamque
539 1223 741 1300 efficientia.
773 1226 853 1319 ejus
884 1246 1117 1325 exponatur3
1152 1228 1222 1299 bac

222 1362 337 1437 etiam
360 1384 440 1434 non
462 1360 627 1433 tollitur.
676 1360 825 1435 Salutio
851 1384 942 1458 ergo
973 1358 1077 1433 illius
1103 1361 1222 1433 aliena

221 1509 279 1565 est
308 1517 329 1563 a
359 1493 586 1580 substantia,
620 1493 848 1580 alienatione
879 1494 1109 1565 substantiae
1135 1518 1224 1566 con·

220 1626 383 1717 tinetnt3
421 1626 600 1701 alienatio
638 1643 765 1699 autem
800 1628 962 1723 simplex
991 1626 1222 1713 substantiae

212 1757 262 1850 ,in
295 1759 433 1844 modo,
463 1758 508 1828 in
541 1758 744 1836 intellectu
768 1776 842 1847 est,
878 1762 943 1857 qui
974 1759 1225 1831 substantiam

221 1890 364 1977 „modo
380 1891 451 1965 sub
463 1892 553 1975 hoc,
574 1890 693 1964 modo
718 1894 788 1965 sub
814 1894 883 1967 illo
911 1892 1095 1965 attributo
1122 1914 1224 1961 com·

219 2020 488 2117 „prehendit,“
514 2023 735 2119 etquidem
758 2027 829 2113 ita,
859 2041 905 2097 ut
929 2024 1112 2098 attributa
1143 2021 1224 2095 duo

216 2154 288 2225 hac
312 2153 419 2228 modi
445 2156 783 2251 comprehensione
815 2182 892 2229 non
920 2179 1009 2241 vete
1033 2154 1224 2249 perfecte·

219 2312 292 2385 que
318 2290 613 2376 concludantur,
642 2290 711 2360 secl
736 2314 852 2383 quum
878 2286 1015 2361 modus
1042 2287 1223 2365 alienatio

216 2443 297 2490 esse
320 2419 552 2495 substantiae
579 2418 797 2507 definiatur,
823 2446 896 2493 ase
914 2421 1080 2495 invicem
1099 2419 1225 2492 aliena

216 2568 446 2622 remaneant.
502 2556 682 2647 Quamvis
718 2555 839 2652 igitur
872 2553 1010 2627 modus
1046 2552 1224 2648 potentia

217 2682 267 2757 sit
298 2706 358 2767 ea,
393 2704 469 2776 qua
498 2686 681 2764 attn'buta
712 2687 859 2762 diversa
894 2709 1025 2759 secum
1059 2684 1148 2779 ipsis
1180 2698 1225 2751 et

217 2838 305 2887 cum
328 2813 536 2888 substantia
561 2816 861 2925 conjungantu13
885 2816 1023 2889 modus
1047 2817 1124 2889 hoc
1140 2838 1225 2887 non

215 2965 343 3046 potest
367 2972 455 3019 vere
486 2946 650 3035 efficere,
684 2974 806 3045 quum
833 2950 871 3022 ei
901 2976 970 3024 sno
1002 2952 1052 3022 sit
1080 2947 1226 3044 princi·

215 3080 295 3177 pio,
320 3117 369 3134 -
394 3082 557 3154 alienata
581 3084 794 3159 inclusione
820 3102 859 3155 et
880 3084 1030 3155 inclusi
1059 3082 1101 3155 in
1130 3078 1226 3153 sub·

212 3211 390 3285 stantiam
410 3215 651 3303 alienatione,
667 3252 717 3275 ·-
740 3218 1028 3314 ptaescriptum,
1052 3237 1102 3283 ne
1121 3209 1226 3317 quial
1314 3304 1315 3329 Χ

214 3369 235 3415 e
262 3346 492 3444 cogitatione
518 3347 696 3437 deducat,
729 3351 835 3447 quod
859 3347 1082 3427 extensione
1115 3366 1225 3422 com·
1314 3354 1315 3375 ³

212 3477 486 3573 prehendatur,
518 3504 642 3577 neque
669 3483 775 3579 quod
799 3478 1024 3576 cogitationi
1042 3476 1104 3548 ¹sit
1127 3497 1228 3571 pro·
1314 3574 1315 3579 ἵ

212 3610 352 3707 prium,
391 3634 439 3683 ex
474 3616 695 3690 extensione
719 3612 903 3707 suscipiat
927 3607 1154 3707 cogendum.
1314 3584 1315 3591 ἵ

307 3740 384 3841 sea
411 3744 648 3823 ,alienatione
682 3744 755 3818 hac
786 3743 896 3820 modi
927 3741 1110 3817 attributa
1135 3738 1227 3818 duo

1177 3882 1230 3940 et
