2642 4484
699 299 759 375 ’ἴθ’

230 494 343 566 sionis
369 511 457 561 suae
481 485 667 583 perducta
689 511 733 559 sa
752 485 874 582 ipsam
895 508 987 556 rere
1009 484 1223 583 perfecerit,

229 610 310 698 nisi
332 645 480 696 causam
513 620 587 692 sibi
620 621 842 716 opposuerit
876 617 1054 710 eandem
1098 632 1226 687 exten·

166 817 169 824 .
229 760 334 831 sione
365 755 448 853 ipsi
478 781 555 829 non
586 752 810 826 extenditur
837 752 880 823 in
909 746 1124 842 infinitum3
1159 747 1228 818 sed

229 890 463 988 perfectione
492 889 619 985 potius
652 886 968 979 absolutioneque
998 881 1225 956 extensionis

228 999 446 1104 intrabitur,
470 1019 597 1090 redire
620 1021 725 1090 inse
750 1019 911 1113 cogitur.
957 1023 1008 1086 Et
1031 1039 1152 1116 quum
1176 1014 1226 1084 ef·

227 1155 347 1225 fectus
373 1153 601 1226 substantiae
627 1175 674 1222 eo
697 1152 795 1246 ipso,
809 1138 813 1140 ἡ
828 1173 905 1245 quo
929 1149 972 1222 in
996 1173 1147 1222 causam
1169 1145 1228 1217 sui

228 1284 409 1382 adigitur,
459 1283 676 1356 distinctam
718 1306 848 1355 causae
890 1281 1106 1376 potentiam
1149 1281 1227 1375 ipse

229 1417 408 1511 acquirat,
445 1441 465 1488 a
501 1415 699 1512 primique
730 1437 841 1486 causa
870 1432 1006 1488 coactu
1034 1414 1110 1484 hoc
1142 1414 1227 1508 ipso

226 1548 466 1646 cogitationis
511 1548 729 1639 dirimanrr3
780 1547 953 1618 extensio
996 1545 1228 1640 cogitatione

225 1687 304 1775 uq'n
327 1681 636 1776 interrumpitur,
671 1677 750 1766 sed,
787 1703 906 1775 quum
933 1678 1089 1749 initium
1110 1674 1226 1767 hujus

227 1839 247 1886 a
263 1807 342 1886 fine
360 1814 410 1884 sit
426 1811 646 1899 distensum,
667 1812 717 1886 ad
731 1812 1009 1910 perfectionem
1026 1834 1132 1881 suam
1146 1810 1227 1906 ipsa

222 1944 461 2040 provehitur.
510 1946 794 2040 Detemrinatus
822 1947 942 2042 igitur
972 1968 1141 2042 egressus
1169 1965 1227 2012 re·

226 2075 340 2148 ditus.
353 2091 411 2148 est
433 2075 525 2170 ipse,
558 2091 664 2148 ortus
689 2077 923 2149 substantiae
948 2098 1115 2160 occasus,
1148 2073 1228 2145 exi·

225 2224 285 2281 tus
302 2207 491 2295 interitus,
516 2208 689 2283 interitio
702 2207 869 2280 secsmda
886 2206 1105 2302 productio.
1141 2205 1227 2277 Dif-

225 2339 387 2451 ferentia
415 2336 650 2426 indifferens,
680 2342 723 2436 in
750 2340 832 2416 sola
856 2341 1017 2438 origine,
1047 2340 1090 2412 in
1112 2337 1226 2410 initio

225 2475 308 2544 solo
334 2491 401 2559 est,
415 2475 564 2570 ,incipit
587 2491 740 2561 tantum
757 2475 933 2546 existere.
962 2474 1069 2544 Dicit
1079 2472 1226 2544 idcirco

223 2604 388 2700 Spinoza
411 2601 530 2678 schol.
555 2629 667 2703 prop.
682 2629 718 2702 7.
743 2631 783 2702 p.
808 2611 857 2680 ΙΙ.
882 2608 972 2678 uth.
1023 2599 1226 2692 „substan-

224 2737 304 2822 „tia
328 2738 494 2833 cogitans
520 2752 560 2806 et
582 2739 791 2812 substantia
810 2757 965 2810 extensa
982 2761 1059 2808 una
1074 2738 1225 2809 eadem·

225 2891 324 2964 „que
354 2885 411 2938 est
440 2868 665 2954 substantia,
702 2894 797 2966 quae
826 2867 905 2959 jam
926 2871 998 2941 sub
1022 2869 1116 2954 hoc,
1145 2867 1225 2960 jam

225 3001 319 3089 „sub
343 2999 413 3074 illo
439 3001 622 3072 attributo
649 2981 1005 3097 comprehenditur3
1028 3002 1085 3073 sic
1107 3000 1224 3074 etiam

224 3130 384 3216 „modus
415 3132 643 3208 extensionis
674 3151 714 3206 et
740 3133 830 3204 idea
862 3133 966 3204 illius
1000 3133 1110 3207 modi
1146 3154 1223 3204 una

223 3261 456 3357 „eademque
480 3283 538 3340 est
559 3291 631 3354 res,
655 3266 721 3340 sed
749 3265 897 3340 duobus
920 3265 1046 3340 modis
1071 3287 1222 3362 expres·

140 3385 147 3504 ι’
222 3417 298 3480 „⁸a‚
321 3395 429 3489 'quod
453 3373 608 3494 quidam
630 3424 700 3498 per
722 3398 903 3472 nebulam
924 3398 1064 3472 vidisse
1088 3399 1220 3470 viden·

181 3587 184 3593 .
223 3544 328 3616 „tur,
355 3504 430 3624 ¹qui
457 3528 603 3604 scilicet
625 3541 815 3604 statuuntr
844 3536 984 3618 Deum,
1007 3529 1084 3605 Dei
1105 3526 1219 3598 intel·

121 3695 123 3700 ·
221 3661 390 3744 „lectum
417 3683 552 3760 resque
583 3664 629 3735 ab
657 3667 742 3759 ipso
773 3664 984 3736 intellectas
1021 3682 1143 3732 unum
1177 3675 1218 3732 et

221 3790 349 3875 „idem
374 3816 465 3868 esse.
487 3831 538 3850 -··
583 3799 634 3869 Et
656 3819 767 3892 prop.
790 3816 826 3890 7.
851 3821 889 3893 p.
915 3801 966 3869 11.
989 3794 1092 3875 Isth„
1109 3792 1221 3868 Ordo·

1310 1887 1314 1974 Ι
