2642 4484
715 239 767 320 34

246 433 420 509 elisum.
473 427 586 530 Quod
620 446 748 504 sutem
777 453 799 502 s
826 429 1058 504 substantiae
1089 421 1248 501 efficaci·

244 583 323 640 tate
348 583 405 639 cst
430 563 607 652 alienum,
639 579 829 638 ettamen
854 561 902 636 cd
927 587 1010 638 eam
1033 562 1247 635 necessario

146 685 153 702 ’
244 697 421 786 refermr,
455 699 531 770 hoc
565 696 664 769 nihil
696 712 824 792 potest
859 721 940 769 csse
976 694 1093 782 uliud,
1131 717 1248 790 quam

242 829 297 920 id,
330 830 435 929 quod
464 853 543 901 non
567 829 739 901 subsistit
769 846 809 900 et
833 828 991 926 quidem
1014 826 1247 902 substantiae

244 963 386 1038 actioni
420 957 635 1052 subjectum
670 985 748 1034 non
778 960 942 1054 resistit3
983 984 1080 1056 quse
1118 974 1248 1030 autem

240 1096 321 1166 sola
349 1093 443 1165 huic
460 1071 463 1084 ³
478 1092 648 1166 tollenda
679 1110 736 1165 est
765 1092 905 1180 forms,
934 1092 1147 1163 inclusione
1176 1090 1248 1161 illis

239 1228 281 1298 in
305 1250 345 1297 se
369 1225 598 1298 substantiae
624 1228 860 1318 continetus5
896 1225 973 1298 uisi
998 1227 1101 1296 enim
1123 1224 1248 1296 inclu-

239 1359 347 1431 sione
371 1360 443 1430 hac
467 1359 639 1432 tollendi
664 1381 745 1430 esse
768 1359 851 1456 ipss
880 1358 980 1430 actio
1008 1382 1088 1430 non
1103 1374 1245 1454 potest.
1296 1418 1297 1457 3

238 1463 428 1564 Retentic*
455 1491 574 1590 igitur
604 1493 673 1564 illa
707 1492 960 1565 necessarium
992 1493 1097 1564 hunc
1126 1489 1247 1598 habet
1296 1514 1297 1533 ÷

237 1619 375 1713 finem,
417 1641 463 1698 ut
498 1651 577 1698 non
616 1624 805 1698 subsistat.
864 1631 998 1723 ltaque
1035 1622 1248 1698 substantia

237 1755 320 1852 ipss
374 1783 452 1830 uon
503 1757 734 1830 subsistendi
787 1759 1020 1857 principium
1067 1756 1245 1830 includit.

241 1894 369 1982 Quum
388 1868 527 1960 ¹sutum
556 1889 720 1959 inclusio
748 1887 845 1962 baec
874 1915 913 1961 se
936 1893 1059 1988 ipsam
1082 1891 1163 1987 ipsa
1187 1913 1247 1960 re·

211 2017 369 2115 ‘pellat
399 2018 668 2113 repulsamque
698 2022 963 2113 complexetur
992 2025 1106 2117 etque
1131 2019 1181 2093 sd
1204 2045 1247 2091 se

154 2121 159 2128 ¹
236 2145 422 2234 reflectat,
448 2164 487 2219 et
510 2149 552 2218 in
577 2169 730 2222 omnem
749 2148 854 2220 hunc
868 2167 1020 2221 motum
1039 2155 1251 2226 actionem·

239 2306 314 2379 que
343 2283 459 2353 inest·
476 2282 577 2378 ipss3
613 2281 720 2380 quod
748 2307 828 2356 non
851 2283 1024 2354 subsistit
1051 2285 1253 2358 inclusum

237 2413 470 2509 principium
493 2414 619 2508 ipsum
643 2438 684 2486 se
707 2416 748 2487 in
770 2415 814 2488 id
839 2416 1039 2506 convertit,
1064 2416 1170 2512 quod
1185 2443 1251 2491 so-

235 2545 319 2616 lum
342 2544 524 2630 subsistit,
560 2559 674 2641 atque
704 2549 759 2620 ita
787 2541 918 2621 secutis
949 2549 1033 2646 ipso
1060 2574 1101 2622 se
1127 2574 1248 2647 copu-

235 2677 306 2764 lat,
330 2690 388 2768 ut
411 2693 575 2771 nequeat
589 2775 591 2778 ,
605 2701 699 2766 esse,
735 2681 808 2752 nisi
837 2705 885 2752 eo
914 2680 1102 2769 tollendo,
1137 2684 1247 2780 quod

237 2809 293 2882 ita
318 2824 375 2879 est
399 2801 613 2896 definitum,
644 2826 690 2879 ut
718 2835 798 2882 non
827 2810 1017 2888 subsistat.
1065 2818 1154 2888 Hoc
1179 2820 1248 2887 cu*-

239 2957 332 3026 tem,
365 2939 454 3036 quis
481 2963 611 3012 secum
638 2941 724 3037 ipsc
758 2945 979 3016 conclusum
1003 2969 1046 3017 ac
1072 2945 1247 3045 cumpre-

238 3070 401 3143 hensum
424 3089 596 3160 nonest,
625 3074 668 3145 in
693 3069 947 3148 differentiam
972 3078 1155 3151 dilabitur
1178 3106 1248 3154 ex-

241 3215 409 3290 ternam,
443 3228 517 3299 qus
547 3206 731 3280 solvendi
762 3207 958 3282 distinctio
991 3235 1123 3286 causae
1156 3209 1248 3285 infi-

241 3329 345 3403 nitae
369 3347 409 3402 et
433 3337 627 3411 conclusio
650 3336 862 3438 perficitur.
905 3347 1011 3415 Haec
1034 3348 1248 3420 necessaria

244 3481 301 3536 est
329 3464 428 3537 ratic
458 3466 689 3543 substantiae
720 3475 768 3546 ad
800 3499 844 3545 es
872 3473 1105 3562 referendae,
1143 3503 1246 3574 quae

242 3597 452 3670 accidentia
474 3617 672 3674 vocantur.

264 3793 266 3798 ,
333 3725 553 3803 Arctissimi
589 3730 712 3830 igitur
750 3737 982 3812 substantiae
1018 3761 1106 3814 cum
1142 3743 1244 3815 ccci-
