2642 4484
676 293 727 370 72

209 487 342 562 clarata
366 481 647 581 Spinozismum
672 506 751 553 esse
774 482 1026 565 Atheismum,
1052 477 1204 550 aLeib·

209 615 350 692 nitiani
378 615 623 713 philosophii
649 615 769 686 fatum
793 639 872 685 non
896 615 1020 686 niinus
1046 611 1206 696 admitti,

210 773 322 848 quam
347 776 368 822 a
393 750 642 847 Spinozismo,
667 750 743 820 hoc
761 749 963 827 Jacobium
987 771 1106 843 aeque
1131 763 1208 816 tan·
1308 820 1309 851 Ὺ

211 884 267 982 git
295 885 432 978 ipsum.
487 887 539 984 Et
555 882 597 952 *si
627 881 749 952 omnis
785 880 1133 964 demonstrationis,
1162 915 1211 932 -

212 1032 256 1086 ut
282 1015 387 1097 dicit,
410 1048 460 1068 -
484 1014 544 1083 via
570 1013 618 1084 ad
643 1012 764 1084 fatum
788 1014 974 1106 traducit3
1010 1014 1056 1084 ab
1082 1013 1128 1083 ei
1153 1010 1212 1081 via

183 1191 185 1200 =
211 1169 291 1216 non
312 1143 429 1240 magis
452 1144 632 1222 Jacobius·
654 1147 823 1217 animum
856 1147 1021 1240 simplici
1044 1144 1212 1216 veritatis

212 1299 324 1348 sensu
359 1283 512 1363 avertit,
536 1301 665 1374 vquam
693 1281 855 1375 Spinozn
888 1277 1098 1349 substantii
1130 1248 1215 1348 sim}

213 1408 365 1506 pliciter
395 1405 625 1498 definiendi,
663 1413 863 1508 quominus
886 1411 929 1481 in
952 1411 1215 1512 labyrinthum

213 1537 414 1616 finitorum
438 1541 639 1640 rapiamur,
665 1545 833 1641 perfecte
863 1562 991 1639 potest
1014 1542 1214 1638 impedire.

310 1676 374 1748 Si'n
407 1693 533 1748 autem
563 1678 741 1754 Jacobius
771 1671 985 1774 simplicem
1014 1699 1120 1746 suam
1144 1697 1215 1744 nec

214 1781 345 1886 nodio
371 1826 475 1880 certo
502 1809 719 1882 distinctam
744 1835 787 1882 ec
812 1812 1029 1882 conclusam
1048 1803 1216 1880 animad-

216 1921 430 2012 versionem
458 1942 660 2036 gloriatum
707 1945 822 2014 etiam
857 1945 1061 2037 Spinonem
1090 1968 1139 2013 ex
1174 1963 1218 2011 ea

215 2067 450 2168 perfectione
465 2072 637 2142 laborare
652 2072 741 2143 sciri
753 2087 917 2167 oportet.
948 2077 1094 2145 Revera
1113 2074 1219 2146 enim

218 2199 555 2276 demonstrationes
585 2203 716 2298 ipsius,
745 2239 796 2258 -
825 2204 994 2299 quamvis
1022 2205 1218 2299 ingentem
1307 2180 1310 2204 Ι

138 2381 142 2394 ·
217 2357 327 2431 saepe
353 2353 574 2432 apparatum
598 2336 815 2423 adhibeant,
841 2373 891 2390 ·-
914 2335 1128 2430 simplicem
1153 2336 1218 2407 de·

217 2461 408 2538 finitionis
444 2467 523 2540 vim
565 2468 809 2541 distinetione
847 2486 949 2540 certa
988 2491 1067 2539 nou
1101 2492 1219 2564 expo·

217 2583 326 2680 nbnt,
370 2594 605 2673 definitionis
639 2624 770 2672 secum
810 2603 892 2698 ipsa
934 2601 1219 2672 conclusionem

218 2751 297 2800 non
328 2724 507 2803 efficiunt.
561 2736 688 2826 Quum
716 2733 834 2830 igitur
865 2731 1017 2804 delato
1048 2750 1088 2802 et
1111 2731 1217 2805 fatali
1313 2816 1314 2833 χ

219 2860 392 2933 doctrina
426 2862 476 2933 sit
505 2863 671 2958 questio;
712 2879 753 2931 et
785 2863 985 2942 Jacobium
1015 2882 1056 2935 et
1083 2868 1219 2961 Spino·
1313 2876 1314 2909 ³

219 3015 303 3066 uam
327 2993 408 3065 late
427 2991 498 3066 fari
523 2992 806 3090 quodammodo
830 3017 1029 3090 possumus
1052 2995 1193 3069 dicere.

312 3125 374 3196 Sic
399 3143 525 3200 antem
539 3127 672 3224 prima
695 3151 780 3222 pars
806 3128 1021 3199 ethicorum
1036 3132 1122 3203 Deo
1146 3149 1218 3228 per

218 3255 446 3330 substantiae
470 3259 608 3332 formas
634 3247 853 3335 definiendo
881 3255 1024 3335 finitur.
