2642 4484
592 289 736 368 37.

116 500 155 548 se
170 476 361 550 solum'sit
384 492 424 547 et
438 499 510 571 per
531 499 571 548 se
589 477 715 550 solum
732 480 978 575 concipiatur.
1023 481 1119 555 Sub-

114 610 273 681 stantiae
293 609 533 696 atnibutum,
555 647 605 664 -
636 611 669 682 si
693 609 800 707 quod
824 613 860 681 ei
885 635 964 682 esse
991 613 1117 686 dicere

115 743 288 827 velimus,
313 779 362 796 -
398 741 497 812 actio
528 758 586 814 est
614 743 777 839 simplex
809 757 921 838 atque
954 739 1117 831 infinita,

114 898 189 970 qua
227 873 455 944 attributum
483 867 609 944 fixum
643 873 725 946 sive
761 875 920 971 qualitas
960 875 1117 947 omnino

112 1006 285 1078 tollatur.
340 1006 502 1100 Spinoza
533 1021 661 1080 eutem
690 1031 768 1078 non
794 1008 954 1104 quaerit,
987 1026 1119 1079 utrum

113 1156 200 1236 apta
218 1139 397 1214 adhibeat
415 1154 456 1210 ct
468 1138 623 1240 propria
636 1140 694 1210 rei
710 1140 876 1226 nomina,
901 1163 973 1211 nec
988 1164 1119 1232 ne;-

15 1361 18 1364 Ι
109 1243 241 1342 utrum
276 1271 414 1343 veritas
446 1271 506 1341 rei
535 1272 654 1366 ipsius
693 1265 918 1344 definitione
951 1273 1117 1367 expiice·
1173 1279 1193 1308 Ὗ

109 1421 186 1490 tur,
219 1428 267 1474 an
293 1391 500 1500 descriptio
534 1425 556 1473 a
585 1402 700 1473 rebus
733 1403 855 1475 aliena
883 1403 1113 1499 proferatur.

109 1513 206 1608 satis
231 1563 271 1609 se
294 1537 443 1633 legibus
469 1533 737 1630 philosophiae
770 1512 942 1604 autumat
967 1533 1116 1620 fecisse,

109 1693 229 1766 quum
267 1682 492 1765 argumento
522 1666 632 1738 nulio
663 1665 887 1761 proposito,
923 1666 970 1737 ab
1002 1665 1119 1738 initio

108 1818 247 1873 notum
271 1798 407 1870 fecefit
429 1795 587 1868 lectori:
636 1799 696 1880 Se,
729 1797 944 1892 Spinozam
970 1821 1039 1895 per
1063 1814 1119 1869 at·
1168 1776 1172 1784 ¹

107 1930 300 2001 tributum
328 1928 543 2024 intelligere
573 1927 627 2015 id,
663 1928 795 2026 „quod
825 1929 1043 2002 intellectus
1069 1929 1117 2002 de

109 2061 344 2151 „substantia
359 2113 360 2116 ,
378 2060 545 2158 percipit
574 2077 770 2157 tamquam
804 2057 885 2153 ejus
916 2064 1117 2135 essentiam

107 2193 388 2283 „constituens,
424 2216 496 2289 per
531 2169 693 2274 modum
726 2211 855 2266 autem
883 2195 1116 2265 substantiae

106 2321 352 2414 „affectiones
374 2321 456 2394 sive
479 2323 522 2395 id
544 2324 650 2419 quod
672 2325 717 2394 in>
732 2320 813 2395 alio.
832 2341 902 2410 est,
925 2348 995 2420 per
1010 2323 1115 2421 quod

105 2461 247 2548 „etiam
273 2455 527 2554 concipitur,“
555 2449 672 2526 defin.
698 2461 763 2528 IV·
788 2472 831 2527 et
850 2461 898 2528 V.

178 2619 180 2624 ¹
199 2589 449 2684 Perspicuum
460 2601 517 2657 cst
529 2607 632 2684 ergo,
652 2588 719 2683 qui
738 2586 987 2661 substantiam
996 2590 1112 2661 susci·

101 2723 186 2819 piat
217 2719 525 2810 describendam,
557 2720 801 2793 intellectum
831 2746 910 2793 esse
940 2721 1112 2816 Spinozi·

104 2855 256 2941 sticum,
292 2850 403 2944 cujus
434 2877 522 2926 cum
551 2854 763 2926 substantia
792 2851 1016 2942 conjunctio
1046 2875 1111 2921 ne·

103 2988 327 3081 cessitasque
369 3011 450 3058 non
489 3004 715 3082 exponatur.
784 2990 867 3078 Qua
902 2982 950 3053 de
985 2981 1106 3069 causi,

5 3109 9 3122 '
102 3140 222 3213 quum
250 3117 481 3202 intellectus,
510 3155 560 3172 -
576 3112 922 3213 ¹quemadmodum·
942 3109 1020 3205 jam
1050 3133 1108 3186 est

102 3229 262 3332 clarum,
289 3283 340 3299 -
361 3246 500 3318 modus
525 3247 576 3318 sit
599 3242 843 3333 substa‘htiae,
874 3224 1017 3319 modus
1042 3271 1106 3320 au-

99 3400 180 3453 tem
203 3378 257 3464 id,
291 3377 395 3473 quod
419 3376 462 3448 in
486 3377 561 3449 alio
586 3396 656 3464 est,
688 3397 729 3449 et
757 3402 828 3476 per
852 3380 960 3452 aliud
980 3380 1105 3452 conci·

97 3514 222 3609 pitu13
263 3510 473 3583 substantia
504 3535 583 3584 non
614 3509 682 3583 sui
716 3512 834 3609 ipsius
870 3511 1010 3609 operi,—
1036 3510 1105 3582 sed

101 3669 148 3715 eo
180 3629 374 3730 definitur,
406 3642 511 3739 quod
526 3643 575 3715 'in
601 3647 679 3716 alio
701 3662 774 3733 est,
803 3662 843 3716 et
865 3646 1003 3739 ipsum,
1028 3667 1102 3738 qua
1133 3687 1141 3698 x

103 3768 326 3864 definiatur,
368 3776 447 3886 alii
477 3776 627 3875 indiget
662 3775 703 3848 vi
737 3779 819 3850 sive
856 3755 1098 3871 cogitatione.
