2642 4484
206 484 340 558 terrun
400 480 588 576 Quoniam
627 480 747 576 igitur
786 503 892 552 mens
928 475 1046 551 finem
1078 481 1119 551 in
1163 494 1204 552 se

205 616 375 690 continet
413 613 669 708 implicatum,
715 612 919 708 principio
944 639 1014 685 suo
1049 626 1107 687 ert
1145 640 1203 704 ea,

205 773 299 845 quae
328 745 435 819 debet
460 769 551 832 esse,
576 757 725 818 natura
755 746 892 816 mentis
916 747 1105 832 virtutem
1127 743 1202 820 effi·

203 881 257 952 cit
287 880 429 975 ipsam3
465 894 504 948 et
534 901 652 972 quum
682 902 725 948 ea
755 895 891 950 natura
920 856 1122 950 efficientia
1151 881 1204 950 sit
1239 883 1250 893 '

202 1009 370 1120 infinita,
400 1009 553 1083 virtutis
583 1009 766 1105 potestati
785 1035 858 1082 -res
883 1029 1061 1082 externae
1085 1008 1203 1101 subji-

203 1148 366 1219 ciuntur.
416 1141 633 1214 Substantia
656 1142 737 1237 ipsa
762 1145 852 1238 quia
882 1139 970 1215 finis
996 1161 1053 1215 ert
1075 1140 1203 1215 infini-

202 1297 277 1363 tus,
302 1277 449 1348 bonum
473 1290 530 1344 est
553 1274 699 1370 ipsum3
730 1292 770 1345 et
800 1300 920 1370 quum
947 1276 1046 1348 nihil
1074 1278 1116 1349 in
1144 1302 1202 1347 re-

200 1412 272 1482 bus
313 1409 364 1479 sit
399 1429 534 1476 verum
570 1409 644 1480 nisi
682 1407 913 1478 substantiae
948 1411 1200 1506 principium,

201 1558 335 1615 natura
360 1562 490 1610 earum
515 1555 572 1610 est
598 1563 716 1636 aeque
741 1541 861 1633 bona3
894 1565 1061 1636 quocum
1084 1542 1203 1638 igitur

201 1698 306 1746 mens
332 1697 352 1745 e
378 1671 780 1767 substantiapendens
807 1673 1007 1760 consentit,
1034 1698 1108 1769 quo
1126 1675 1202 1744 lae·

203 1824 318 1893 tatur,
353 1803 459 1900 quod
483 1803 532 1876 ad
556 1829 640 1876 eam
670 1800 976 1904 amplificandam
1007 1827 1064 1876 est
1092 1808 1217 1891 orote„

201 1938 244 2010 id
267 1938 403 2012 boatum
428 1953 485 2006 eat
512 1939 648 2032 ipsum.
737 2016 739 2022 ,
950 1923 954 1932 ’

299 2068 476 2163 Quamvis
500 2070 595 2138 haec
621 2069 670 2139 de
694 2071 847 2140 virtutis
872 2066 1025 2141 infiniti
1040 2087 1205 2166 potesta·

203 2220 261 2288 te,
299 2199 346 2274 de
376 2198 452 2270 unt
481 2200 576 2272 boni
606 2217 719 2296 atque
744 2201 849 2291 utilis
873 2200 1008 2270 natura
1032 2205 1204 2274 sublimis

203 2338 253 2408 sit
276 2336 462 2408 sententia
487 2333 711 2429 appellanda
735 2333 982 2428 fragilemque
1005 2334 1118 2404 istam
1129 2320 1205 2403 vir-

203 2485 328 2540 tutem
358 2468 573 2553 antecedat,
605 2491 701 2562 quae
732 2466 838 2537 factis
864 2491 1006 2547 senon
1030 2489 1205 2561 compro·

206 2616 285 2681 cat,
322 2600 470 2670 bonum
502 2600 628 2694 ipsum
661 2600 758 2670 utile
791 2624 870 2670 non
904 2623 986 2670 ease
1020 2598 1205 2694 queritur,

203 2735 416 2832 potentiam
427 2731 563 2803 virtuti
571 2730 766 2801 adversam
774 2731 1205 2826 suspicatum-quam·

204 2871 261 2942 vis
304 2869 422 2964 igitur
461 2863 711 2959 Spinozistiea
756 2860 929 2932 doctrina
968 2861 1206 2956 majestatem

205 3000 343 3072 mentis
369 2996 483 3070 nullis
513 2993 700 3065 limitibus
732 2993 1038 3090 circumscriptae
1066 2996 1205 3092 princi-

205 3133 390 3229 piumque
417 3155 436 3200 a
460 3127 564 3202 bono
588 3151 668 3198 non
691 3144 905 3222 separatum
929 3146 1138 3225 proponat3
1156 3167 1207 3184 -

207 3258 478 3348 differentiam,
517 3284 612 3357 quae
647 3261 858 3330 necessario
890 3261 1115 3357 exponenda
1151 3276 1207 3332 est

206 3400 343 3472 hanam
366 3395 586 3478 formarum,
611 3416 691 3480 non
708 3392 874 3486 explicat
888 3394 980 3488 ipsa,
1005 3419 1084 3465 non
1103 3392 1206 3466 tollit

209 3532 394 3616 absolute,
418 3549 497 3596 non
514 3525 815 3621 repugnantiam
829 3548 960 3596 aarum
985 3543 1205 3614 extremam,

207 3689 286 3736 non
336 3661 547 3733 absolutam
598 3658 878 3728 contrariorum
929 3658 1208 3728 reconciliatio·

207 3819 297 3870 nem
319 3793 511 3891 producit.
561 3794 666 3886 Quae
691 3811 782 3884 ergo
811 3806 900 3860 sunt
926 3789 1091 3860 maxime
1117 3789 1210 3860 ‹liri-

1103 3945 1209 3992 men·
