<?xml version="1.0" encoding="UTF-8"?>
<!DOCTYPE html PUBLIC "-//W3C//DTD XHTML 1.0 Transitional//EN"
    "http://www.w3.org/TR/xhtml1/DTD/xhtml1-transitional.dtd">
<html xmlns="http://www.w3.org/1999/xhtml" xml:lang="en" lang="en">
 <head>
  <title>
</title>
<meta http-equiv="Content-Type" content="text/html;charset=utf-8" />
  <meta name='ocr-system' content='tesseract 3.04.00' />
  <meta name='ocr-capabilities' content='ocr_page ocr_carea ocr_par ocr_line ocrx_word'/>
</head>
<body>
  <div class='ocr_page' id='page_1' title='image "./explicatiospino00boumgoog_0092.png"; bbox 0 0 2642 4484; ppageno 0'>
   <div class='ocr_carea' id='block_1_1' title="bbox 726 283 776 357">
    <p class='ocr_par' dir='ltr' id='par_1_1' title="bbox 726 283 776 357">
     <span class='ocr_line' id='line_1_1' title="bbox 726 283 776 357; baseline 0 0"><span class='ocrx_word' id='word_1_1' title='bbox 726 283 776 357; x_wconf 75' lang='lat'><strong>84</strong></span> 
     </span>
    </p>
   </div>
   <div class='ocr_carea' id='block_1_2' title="bbox 259 449 1256 569">
    <p class='ocr_par' dir='ltr' id='par_1_2' title="bbox 259 449 1256 569">
     <span class='ocr_line' id='line_1_2' title="bbox 259 449 1256 569; baseline 0.001 -24"><span class='ocrx_word' id='word_1_2' title='bbox 259 449 513 545; x_wconf 82' lang='lat' dir='ltr'><strong>differentiam</strong></span> <span class='ocrx_word' id='word_1_3' title='bbox 540 472 640 543; x_wconf 78' lang='lat' dir='ltr'><strong>hanc</strong></span> <span class='ocrx_word' id='word_1_4' title='bbox 671 498 789 569; x_wconf 79' lang='lat' dir='ltr'><strong>aeque</strong></span> <span class='ocrx_word' id='word_1_5' title='bbox 820 476 1053 569; x_wconf 76' lang='lat' dir='ltr'><strong>implicatam</strong></span> <span class='ocrx_word' id='word_1_6' title='bbox 1082 476 1256 547; x_wconf 84' lang='lat' dir='ltr'><strong>substan·</strong></span> 
     </span>
    </p>
   </div>
   <div class='ocr_carea' id='block_1_3' title="bbox 250 605 1316 3891">
    <p class='ocr_par' dir='ltr' id='par_1_3' title="bbox 254 605 1316 1229">
     <span class='ocr_line' id='line_1_3' title="bbox 256 605 1258 700; baseline 0.004 -25"><span class='ocrx_word' id='word_1_7' title='bbox 256 606 312 675; x_wconf 80' lang='lat' dir='ltr'><strong>tii</strong></span> <span class='ocrx_word' id='word_1_8' title='bbox 345 622 458 700; x_wconf 85' lang='lat' dir='ltr'><strong>atquc</strong></span> <span class='ocrx_word' id='word_1_9' title='bbox 491 605 540 675; x_wconf 86' lang='lat' dir='ltr'><strong>ab</strong></span> <span class='ocrx_word' id='word_1_10' title='bbox 575 630 621 675; x_wconf 88' lang='lat' dir='ltr'><strong>ea</strong></span> <span class='ocrx_word' id='word_1_11' title='bbox 656 607 817 677; x_wconf 84' lang='lat' dir='ltr'><strong>alienam</strong></span> <span class='ocrx_word' id='word_1_12' title='bbox 845 632 927 679; x_wconf 86' lang='lat' dir='ltr'><strong>esse</strong></span> <span class='ocrx_word' id='word_1_13' title='bbox 958 608 1137 683; x_wconf 80' lang='lat' dir='ltr'><strong>dicamus.</strong></span> <span class='ocrx_word' id='word_1_14' title='bbox 1193 611 1258 680; x_wconf 90' lang='lat' dir='ltr'><strong>Sic</strong></span> 
     </span>
     <span class='ocr_line' id='line_1_4' title="bbox 257 736 1256 831; baseline 0.005 -24"><span class='ocrx_word' id='word_1_15' title='bbox 257 736 374 807; x_wconf 84' lang='lat' dir='ltr'><strong>debet</strong></span> <span class='ocrx_word' id='word_1_16' title='bbox 384 737 581 831; x_wconf 80' lang='lat' dir='ltr'><strong>explicari,</strong></span> <span class='ocrx_word' id='word_1_17' title='bbox 607 736 656 807; x_wconf 87' lang='lat' dir='ltr'><strong>(le</strong></span> <span class='ocrx_word' id='word_1_18' title='bbox 671 739 747 819; x_wconf 89' lang='lat' dir='ltr'><strong>Dei</strong></span> <span class='ocrx_word' id='word_1_19' title='bbox 769 740 970 811; x_wconf 89' lang='lat' dir='ltr'><strong>intellectu</strong></span> <span class='ocrx_word' id='word_1_20' title='bbox 994 757 1033 811; x_wconf 89' lang='lat' dir='ltr'><strong>et</strong></span> <span class='ocrx_word' id='word_1_21' title='bbox 1056 742 1256 812; x_wconf 87' lang='lat' dir='ltr'><strong>voluntate</strong></span> 
     </span>
     <span class='ocr_line' id='line_1_5' title="bbox 256 868 1254 969; baseline 0.006 -30"><span class='ocrx_word' id='word_1_22' title='bbox 256 868 359 963; x_wconf 83' lang='lat' dir='ltr'><strong>apud</strong></span> <span class='ocrx_word' id='word_1_23' title='bbox 381 870 586 963; x_wconf 76' lang='lat' dir='ltr'><strong>Spinonem</strong></span> <span class='ocrx_word' id='word_1_24' title='bbox 614 891 694 939; x_wconf 87' lang='lat' dir='ltr'><strong>esse</strong></span> <span class='ocrx_word' id='word_1_25' title='bbox 723 894 938 942; x_wconf 86' lang='lat' dir='ltr'><strong>sermonem</strong></span> <span class='ocrx_word' id='word_1_26' title='bbox 970 871 1111 963; x_wconf 86' lang='lat' dir='ltr'><strong>(schol.</strong></span> <span class='ocrx_word' id='word_1_27' title='bbox 1142 898 1254 969; x_wconf 90' lang='lat' dir='ltr'><strong>prop.</strong></span> 
     </span>
     <span class='ocr_line' id='line_1_6' title="bbox 258 992 1316 1111; baseline 0.013 -46"><span class='ocrx_word' id='word_1_28' title='bbox 258 1000 336 1093; x_wconf 87' lang='lat'><strong>17.)</strong></span> <span class='ocrx_word' id='word_1_29' title='bbox 365 1000 536 1093; x_wconf 84' lang='lat' dir='ltr'><strong>quamvis</strong></span> <span class='ocrx_word' id='word_1_30' title='bbox 574 1000 679 1071; x_wconf 76' lang='lat' dir='ltr'><strong>certi</strong></span> <span class='ocrx_word' id='word_1_31' title='bbox 713 1004 975 1097; x_wconf 84' lang='lat' dir='ltr'><strong>propositione</strong></span> <span class='ocrx_word' id='word_1_32' title='bbox 1011 1004 1079 1077; x_wconf 88' lang='lat' dir='ltr'><strong>has</strong></span> <span class='ocrx_word' id='word_1_33' title='bbox 1102 992 1253 1077; x_wconf 70' lang='lat' dir='ltr'><strong>&#39;formas</strong></span> <span class='ocrx_word' id='word_1_34' title='bbox 1315 1022 1316 1111; x_wconf 89' lang='lat'>3</span> 
     </span>
     <span class='ocr_line' id='line_1_7' title="bbox 254 1124 1316 1229; baseline 0.018 -28"><span class='ocrx_word' id='word_1_35' title='bbox 254 1132 296 1201; x_wconf 87' lang='lat' dir='ltr'><strong>in</strong></span> <span class='ocrx_word' id='word_1_36' title='bbox 318 1132 404 1202; x_wconf 90' lang='lat' dir='ltr'><strong>Deo</strong></span> <span class='ocrx_word' id='word_1_37' title='bbox 427 1153 508 1200; x_wconf 85' lang='lat' dir='ltr'><strong>esse</strong></span> <span class='ocrx_word' id='word_1_38' title='bbox 533 1131 583 1203; x_wconf 83' lang='lat' dir='ltr'><strong>sit</strong></span> <span class='ocrx_word' id='word_1_39' title='bbox 604 1151 796 1229; x_wconf 83' lang='lat' dir='ltr'><strong>negatum.</strong></span> <span class='ocrx_word' id='word_1_40' title='bbox 1315 1124 1316 1137; x_wconf 11' lang='grc' dir='ltr'>ἵ</span> 
     </span>
    </p>

    <p class='ocr_par' dir='ltr' id='par_1_4' title="bbox 250 1263 1316 3891">
     <span class='ocr_line' id='line_1_8' title="bbox 351 1263 1316 1365; baseline 0.013 -34"><span class='ocrx_word' id='word_1_41' title='bbox 351 1263 603 1355; x_wconf 82' lang='lat' dir='ltr'><strong>Spinoaistico</strong></span> <span class='ocrx_word' id='word_1_42' title='bbox 641 1268 697 1335; x_wconf 82' lang='lat' dir='ltr'><strong>sic</strong></span> <span class='ocrx_word' id='word_1_43' title='bbox 734 1266 852 1338; x_wconf 84' lang='lat' dir='ltr'><strong>modo</strong></span> <span class='ocrx_word' id='word_1_44' title='bbox 888 1270 1129 1365; x_wconf 81' lang='lat' dir='ltr'><strong>cogitationis</strong></span> <span class='ocrx_word' id='word_1_45' title='bbox 1163 1296 1254 1343; x_wconf 88' lang='lat' dir='ltr'><strong>cum</strong></span> <span class='ocrx_word' id='word_1_46' title='bbox 1315 1290 1316 1305; x_wconf 63' lang='lat'>¹</span> 
     </span>
     <span class='ocr_line' id='line_1_9' title="bbox 255 1394 1254 1493; baseline 0.012 -30"><span class='ocrx_word' id='word_1_47' title='bbox 255 1394 478 1467; x_wconf 72' lang='lat' dir='ltr'><strong>extensione</strong></span> <span class='ocrx_word' id='word_1_48' title='bbox 504 1396 740 1491; x_wconf 80' lang='lat' dir='ltr'><strong>copulandae</strong></span> <span class='ocrx_word' id='word_1_49' title='bbox 757 1400 973 1493; x_wconf 83' lang='lat' dir='ltr'><strong>explanato,</strong></span> <span class='ocrx_word' id='word_1_50' title='bbox 999 1404 1183 1475; x_wconf 79' lang='lat' dir='ltr'><strong>correctio</strong></span> <span class='ocrx_word' id='word_1_51' title='bbox 1203 1406 1254 1475; x_wconf 89' lang='lat' dir='ltr'><strong>ab</strong></span> 
     </span>
     <span class='ocr_line' id='line_1_10' title="bbox 252 1525 1252 1631; baseline 0.009 -32"><span class='ocrx_word' id='word_1_52' title='bbox 252 1525 429 1599; x_wconf 87' lang='lat' dir='ltr'><strong>Herdero</strong></span> <span class='ocrx_word' id='word_1_53' title='bbox 455 1528 719 1623; x_wconf 81' lang='lat' dir='ltr'><strong>commendata</strong></span> <span class='ocrx_word' id='word_1_54' title='bbox 741 1535 944 1630; x_wconf 79' lang='lat' dir='ltr'><strong>perstringi</strong></span> <span class='ocrx_word' id='word_1_55' title='bbox 970 1534 1096 1606; x_wconf 82' lang='lat' dir='ltr'><strong>adhuc</strong></span> <span class='ocrx_word' id='word_1_56' title='bbox 1113 1554 1252 1631; x_wconf 83' lang='lat' dir='ltr'><strong>potest.</strong></span> 
     </span>
     <span class='ocr_line' id='line_1_11' title="bbox 252 1658 1255 1755; baseline 0.014 -28"><span class='ocrx_word' id='word_1_57' title='bbox 252 1658 345 1728; x_wconf 77' lang='lat' dir='ltr'><strong>Vult</strong></span> <span class='ocrx_word' id='word_1_58' title='bbox 369 1660 471 1729; x_wconf 87' lang='lat' dir='ltr'><strong>enim</strong></span> <span class='ocrx_word' id='word_1_59' title='bbox 494 1659 706 1755; x_wconf 78' lang='lat' dir='ltr'><strong>simplicem</strong></span> <span class='ocrx_word' id='word_1_60' title='bbox 734 1690 806 1737; x_wconf 87' lang='lat' dir='ltr'><strong>nec</strong></span> <span class='ocrx_word' id='word_1_61' title='bbox 836 1666 968 1739; x_wconf 81' lang='lat' dir='ltr'><strong>medio</strong></span> <span class='ocrx_word' id='word_1_62' title='bbox 1001 1688 1106 1740; x_wconf 87' lang='lat' dir='ltr'><strong>certo</strong></span> <span class='ocrx_word' id='word_1_63' title='bbox 1137 1672 1255 1741; x_wconf 88' lang='lat' dir='ltr'><strong>inter·</strong></span> 
     </span>
     <span class='ocr_line' id='line_1_12' title="bbox 253 1788 1253 1899; baseline 0.016 -40"><span class='ocrx_word' id='word_1_64' title='bbox 253 1788 414 1861; x_wconf 76' lang='lat' dir='ltr'><strong>cedente</strong></span> <span class='ocrx_word' id='word_1_65' title='bbox 438 1788 672 1863; x_wconf 79' lang='lat' dir='ltr'><strong>distinctam</strong></span> <span class='ocrx_word' id='word_1_66' title='bbox 689 1820 731 1867; x_wconf 89' lang='lat' dir='ltr'><strong>ac</strong></span> <span class='ocrx_word' id='word_1_67' title='bbox 763 1800 980 1870; x_wconf 74' lang='lat' dir='ltr'><strong>conclusam</strong></span> <span class='ocrx_word' id='word_1_68' title='bbox 1011 1804 1253 1899; x_wconf 83' lang='lat' dir='ltr'><strong>cogitationis</strong></span> 
     </span>
     <span class='ocr_line' id='line_1_13' title="bbox 252 1920 1254 2017; baseline 0.011 -22"><span class='ocrx_word' id='word_1_69' title='bbox 252 1923 301 1995; x_wconf 72' lang='lat' dir='ltr'><strong>ab</strong></span> <span class='ocrx_word' id='word_1_70' title='bbox 322 1922 545 1993; x_wconf 85' lang='lat' dir='ltr'><strong>extensione</strong></span> <span class='ocrx_word' id='word_1_71' title='bbox 560 1920 828 2015; x_wconf 84' lang='lat' dir='ltr'><strong>differentiam,</strong></span> <span class='ocrx_word' id='word_1_72' title='bbox 855 1932 1036 2017; x_wconf 60' lang='lat' dir='ltr'><strong>„viribus</strong></span> <span class='ocrx_word' id='word_1_73' title='bbox 1060 1974 1110 1989; x_wconf 89' lang='lat'><em>-</em></span> <span class='ocrx_word' id='word_1_74' title='bbox 1133 1953 1179 2004; x_wconf 87' lang='lat' dir='ltr'><strong>ut</strong></span> <span class='ocrx_word' id='word_1_75' title='bbox 1197 1936 1254 2006; x_wconf 84' lang='lat' dir='ltr'><strong>di·</strong></span> 
     </span>
     <span class='ocr_line' id='line_1_14' title="bbox 252 2051 1254 2147; baseline 0.021 -28"><span class='ocrx_word' id='word_1_76' title='bbox 252 2051 318 2136; x_wconf 80' lang='lat' dir='ltr'><strong>eit,</strong></span> <span class='ocrx_word' id='word_1_77' title='bbox 341 2074 392 2105; x_wconf 67' lang='lat'><strong>-·‘·</strong></span> <span class='ocrx_word' id='word_1_78' title='bbox 415 2054 640 2147; x_wconf 84' lang='lat' dir='ltr'><strong>organicis,“</strong></span> <span class='ocrx_word' id='word_1_79' title='bbox 670 2060 808 2131; x_wconf 89' lang='lat' dir='ltr'><strong>tollere</strong></span> <span class='ocrx_word' id='word_1_80' title='bbox 839 2080 879 2131; x_wconf 89' lang='lat' dir='ltr'><strong>et</strong></span> <span class='ocrx_word' id='word_1_81' title='bbox 909 2067 1112 2137; x_wconf 85' lang='lat' dir='ltr'><strong>conciliare</strong></span> <span class='ocrx_word' id='word_1_82' title='bbox 1144 2063 1254 2139; x_wconf 84' lang='lat' dir='ltr'><strong>diffe-</strong></span> 
     </span>
     <span class='ocr_line' id='line_1_15' title="bbox 250 2183 1255 2282; baseline 0.026 -31"><span class='ocrx_word' id='word_1_83' title='bbox 250 2183 374 2254; x_wconf 85' lang='lat' dir='ltr'><strong>rentia</strong></span> <span class='ocrx_word' id='word_1_84' title='bbox 396 2206 527 2255; x_wconf 84' lang='lat' dir='ltr'><strong>secum</strong></span> <span class='ocrx_word' id='word_1_85' title='bbox 548 2187 653 2282; x_wconf 83' lang='lat' dir='ltr'><strong>ipsis.</strong></span> <span class='ocrx_word' id='word_1_86' title='bbox 691 2194 760 2261; x_wconf 88' lang='lat' dir='ltr'><strong>Est</strong></span> <span class='ocrx_word' id='word_1_87' title='bbox 784 2208 911 2263; x_wconf 86' lang='lat' dir='ltr'><strong>autem</strong></span> <span class='ocrx_word' id='word_1_88' title='bbox 934 2196 1151 2271; x_wconf 82' lang='lat' dir='ltr'><strong>sciendumt</strong></span> <span class='ocrx_word' id='word_1_89' title='bbox 1176 2204 1255 2276; x_wconf 73' lang='lat' dir='ltr'><strong>cito</strong></span> 
     </span>
     <span class='ocr_line' id='line_1_16' title="bbox 250 2314 1253 2423; baseline 0.022 -39"><span class='ocrx_word' id='word_1_90' title='bbox 250 2338 386 2409; x_wconf 84' lang='lat' dir='ltr'><strong>puram</strong></span> <span class='ocrx_word' id='word_1_91' title='bbox 415 2333 457 2385; x_wconf 91' lang='lat' dir='ltr'><strong>et</strong></span> <span class='ocrx_word' id='word_1_92' title='bbox 479 2318 528 2391; x_wconf 87' lang='lat' dir='ltr'><strong>ab</strong></span> <span class='ocrx_word' id='word_1_93' title='bbox 552 2314 694 2391; x_wconf 87' lang='lat' dir='ltr'><strong>effectu</strong></span> <span class='ocrx_word' id='word_1_94' title='bbox 722 2343 931 2419; x_wconf 82' lang='lat' dir='ltr'><strong>separatam</strong></span> <span class='ocrx_word' id='word_1_95' title='bbox 957 2328 1253 2423; x_wconf 82' lang='lat' dir='ltr'><strong>imperfectioris</strong></span> 
     </span>
     <span class='ocr_line' id='line_1_17' title="bbox 252 2454 1254 2559; baseline 0.023 -44"><span class='ocrx_word' id='word_1_96' title='bbox 252 2470 333 2517; x_wconf 89' lang='lat' dir='ltr'><strong>esse</strong></span> <span class='ocrx_word' id='word_1_97' title='bbox 365 2466 542 2537; x_wconf 85' lang='lat' dir='ltr'><strong>naturae,</strong></span> <span class='ocrx_word' id='word_1_98' title='bbox 585 2478 700 2547; x_wconf 86' lang='lat' dir='ltr'><strong>quam</strong></span> <span class='ocrx_word' id='word_1_99' title='bbox 737 2458 968 2531; x_wconf 83' lang='lat' dir='ltr'><strong>substantiae</strong></span> <span class='ocrx_word' id='word_1_100' title='bbox 1007 2454 1254 2559; x_wconf 81' lang='lat' dir='ltr'><strong>principium,</strong></span> 
     </span>
     <span class='ocr_line' id='line_1_18' title="bbox 252 2577 1257 2690; baseline 0.025 -44"><span class='ocrx_word' id='word_1_101' title='bbox 252 2578 357 2671; x_wconf 81' lang='lat' dir='ltr'><strong>quod</strong></span> <span class='ocrx_word' id='word_1_102' title='bbox 383 2580 427 2651; x_wconf 74' lang='lat' dir='ltr'><strong>oi</strong></span> <span class='ocrx_word' id='word_1_103' title='bbox 450 2577 604 2654; x_wconf 85' lang='lat' dir='ltr'><strong>infinito</strong></span> <span class='ocrx_word' id='word_1_104' title='bbox 634 2586 827 2659; x_wconf 81' lang='lat' dir='ltr'><strong>modoad</strong></span> <span class='ocrx_word' id='word_1_105' title='bbox 858 2587 1038 2663; x_wconf 85' lang='lat' dir='ltr'><strong>effectum</strong></span> <span class='ocrx_word' id='word_1_106' title='bbox 1060 2598 1257 2690; x_wconf 74' lang='lat' dir='ltr'><strong>producti</strong></span> 
     </span>
     <span class='ocr_line' id='line_1_19' title="bbox 252 2718 1256 2805; baseline 0.028 -29"><span class='ocrx_word' id='word_1_107' title='bbox 252 2723 365 2802; x_wconf 83' lang='lat' dir='ltr'><strong>atque</strong></span> <span class='ocrx_word' id='word_1_108' title='bbox 382 2733 470 2779; x_wconf 88' lang='lat' dir='ltr'><strong>oum</strong></span> <span class='ocrx_word' id='word_1_109' title='bbox 481 2736 528 2782; x_wconf 92' lang='lat' dir='ltr'><strong>eo</strong></span> <span class='ocrx_word' id='word_1_110' title='bbox 546 2718 738 2803; x_wconf 76' lang='lat' dir='ltr'><strong>conclusi,</strong></span> <span class='ocrx_word' id='word_1_111' title='bbox 764 2722 844 2791; x_wconf 86' lang='lat' dir='ltr'><strong>sive</strong></span> <span class='ocrx_word' id='word_1_112' title='bbox 862 2721 1064 2798; x_wconf 80' lang='lat' dir='ltr'><strong>efficientiis</strong></span> <span class='ocrx_word' id='word_1_113' title='bbox 1081 2732 1256 2805; x_wconf 87' lang='lat' dir='ltr'><strong>veritatis</strong></span> 
     </span>
     <span class='ocr_line' id='line_1_20' title="bbox 251 2839 1255 2946; baseline 0.027 -38"><span class='ocrx_word' id='word_1_114' title='bbox 251 2840 429 2934; x_wconf 86' lang='lat' dir='ltr'><strong>seipsam</strong></span> <span class='ocrx_word' id='word_1_115' title='bbox 454 2839 650 2915; x_wconf 86' lang='lat' dir='ltr'><strong>efficientis</strong></span> <span class='ocrx_word' id='word_1_116' title='bbox 677 2846 873 2927; x_wconf 85' lang='lat' dir='ltr'><strong>definitur.</strong></span> <span class='ocrx_word' id='word_1_117' title='bbox 907 2855 1085 2946; x_wconf 86' lang='lat' dir='ltr'><strong>Adjeotio</strong></span> <span class='ocrx_word' id='word_1_118' title='bbox 1112 2861 1255 2935; x_wconf 85' lang='lat' dir='ltr'><strong>deinde</strong></span> 
     </span>
     <span class='ocr_line' id='line_1_21' title="bbox 250 2948 1255 3089; baseline 0.027 -48"><span class='ocrx_word' id='word_1_119' title='bbox 250 2972 324 3041; x_wconf 85' lang='lat' dir='ltr'><strong>ista</strong></span> <span class='ocrx_word' id='word_1_120' title='bbox 351 2948 554 3069; x_wconf 72' lang='lat' dir='ltr'><strong>organicae</strong></span> <span class='ocrx_word' id='word_1_121' title='bbox 587 2994 744 3051; x_wconf 75' lang='lat' dir='ltr'><strong>natiuae</strong></span> <span class='ocrx_word' id='word_1_122' title='bbox 775 3006 796 3052; x_wconf 81' lang='lat' dir='ltr'>a</span> <span class='ocrx_word' id='word_1_123' title='bbox 826 2986 867 3055; x_wconf 88' lang='lat' dir='ltr'><strong>vi</strong></span> <span class='ocrx_word' id='word_1_124' title='bbox 895 2982 1008 3060; x_wconf 81' lang='lat' dir='ltr'><strong>finiti</strong></span> <span class='ocrx_word' id='word_1_125' title='bbox 1039 3018 1157 3089; x_wconf 81' lang='lat' dir='ltr'><strong>aeque</strong></span> <span class='ocrx_word' id='word_1_126' title='bbox 1194 3015 1255 3067; x_wconf 88' lang='lat' dir='ltr'><strong>est</strong></span> 
     </span>
     <span class='ocr_line' id='line_1_22' title="bbox 252 3103 1254 3221; baseline 0.029 -49"><span class='ocrx_word' id='word_1_127' title='bbox 252 3103 373 3173; x_wconf 84' lang='lat' dir='ltr'><strong>aliena</strong></span> <span class='ocrx_word' id='word_1_128' title='bbox 404 3124 516 3201; x_wconf 85' lang='lat' dir='ltr'><strong>atque</strong></span> <span class='ocrx_word' id='word_1_129' title='bbox 551 3134 573 3179; x_wconf 80' lang='lat' dir='ltr'><strong>a</strong></span> <span class='ocrx_word' id='word_1_130' title='bbox 601 3111 820 3187; x_wconf 84' lang='lat' dir='ltr'><strong>substantia.</strong></span> <span class='ocrx_word' id='word_1_131' title='bbox 869 3120 1031 3194; x_wconf 87' lang='lat' dir='ltr'><strong>Vinculo</strong></span> <span class='ocrx_word' id='word_1_132' title='bbox 1055 3126 1174 3221; x_wconf 84' lang='lat' dir='ltr'><strong>igitur</strong></span> <span class='ocrx_word' id='word_1_133' title='bbox 1199 3131 1254 3201; x_wconf 88' lang='lat' dir='ltr'><strong>ita</strong></span> 
     </span>
     <span class='ocr_line' id='line_1_23' title="bbox 251 3234 1254 3353; baseline 0.029 -50"><span class='ocrx_word' id='word_1_134' title='bbox 251 3234 356 3305; x_wconf 85' lang='lat' dir='ltr'><strong>inse</strong></span> <span class='ocrx_word' id='word_1_135' title='bbox 383 3238 538 3336; x_wconf 85' lang='lat' dir='ltr'><strong>dirupto</strong></span> <span class='ocrx_word' id='word_1_136' title='bbox 564 3263 677 3339; x_wconf 84' lang='lat' dir='ltr'><strong>atque</strong></span> <span class='ocrx_word' id='word_1_137' title='bbox 705 3247 930 3342; x_wconf 83' lang='lat' dir='ltr'><strong>imperfecto</strong></span> <span class='ocrx_word' id='word_1_138' title='bbox 962 3258 1082 3327; x_wconf 86' lang='lat' dir='ltr'><strong>aliena</strong></span> <span class='ocrx_word' id='word_1_139' title='bbox 1107 3280 1204 3353; x_wconf 83' lang='lat' dir='ltr'><strong>quae</strong></span> <span class='ocrx_word' id='word_1_140' title='bbox 1230 3286 1254 3333; x_wconf 86' lang='lat' dir='ltr'><strong>a</strong></span> 
     </span>
     <span class='ocr_line' id='line_1_24' title="bbox 251 3369 1250 3465; baseline 0.028 -29"><span class='ocrx_word' id='word_1_141' title='bbox 251 3390 291 3435; x_wconf 87' lang='lat' dir='ltr'><strong>se</strong></span> <span class='ocrx_word' id='word_1_142' title='bbox 325 3387 413 3440; x_wconf 89' lang='lat' dir='ltr'><strong>sunt</strong></span> <span class='ocrx_word' id='word_1_143' title='bbox 450 3369 683 3463; x_wconf 82' lang='lat' dir='ltr'><strong>differentia,</strong></span> <span class='ocrx_word' id='word_1_144' title='bbox 720 3402 811 3451; x_wconf 86' lang='lat' dir='ltr'><strong>vere</strong></span> <span class='ocrx_word' id='word_1_145' title='bbox 844 3408 922 3453; x_wconf 89' lang='lat' dir='ltr'><strong>non</strong></span> <span class='ocrx_word' id='word_1_146' title='bbox 956 3408 1250 3465; x_wconf 86' lang='lat' dir='ltr'><strong>connectuntur.</strong></span> 
     </span>
     <span class='ocr_line' id='line_1_25' title="bbox 250 3501 1250 3615; baseline 0.029 -46"><span class='ocrx_word' id='word_1_147' title='bbox 250 3505 387 3595; x_wconf 88' lang='lat' dir='ltr'><strong>Neque</strong></span> <span class='ocrx_word' id='word_1_148' title='bbox 410 3501 564 3592; x_wconf 84' lang='lat' dir='ltr'><strong>majoris</strong></span> <span class='ocrx_word' id='word_1_149' title='bbox 595 3527 653 3579; x_wconf 86' lang='lat' dir='ltr'><strong>est</strong></span> <span class='ocrx_word' id='word_1_150' title='bbox 682 3516 868 3585; x_wconf 86' lang='lat' dir='ltr'><strong>momenti</strong></span> <span class='ocrx_word' id='word_1_151' title='bbox 899 3517 1017 3604; x_wconf 85' lang='lat' dir='ltr'><strong>illud,</strong></span> <span class='ocrx_word' id='word_1_152' title='bbox 1058 3524 1164 3615; x_wconf 85' lang='lat' dir='ltr'><strong>quod</strong></span> <span class='ocrx_word' id='word_1_153' title='bbox 1200 3525 1250 3597; x_wconf 84' lang='lat' dir='ltr'><strong>de</strong></span> 
     </span>
     <span class='ocr_line' id='line_1_26' title="bbox 252 3636 1251 3741; baseline 0.029 -40"><span class='ocrx_word' id='word_1_154' title='bbox 252 3636 472 3705; x_wconf 81' lang='lat' dir='ltr'><strong>extensione</strong></span> <span class='ocrx_word' id='word_1_155' title='bbox 501 3642 705 3731; x_wconf 86' lang='lat' dir='ltr'><strong>separatim</strong></span> <span class='ocrx_word' id='word_1_156' title='bbox 730 3644 824 3715; x_wconf 83' lang='lat' dir='ltr'><strong>dicit</strong></span> <span class='ocrx_word' id='word_1_157' title='bbox 852 3648 1065 3723; x_wconf 84' lang='lat' dir='ltr'><strong>Herderus:</strong></span> <span class='ocrx_word' id='word_1_158' title='bbox 1098 3655 1251 3741; x_wconf 87' lang='lat' dir='ltr'><strong>„hoca</strong></span> 
     </span>
     <span class='ocr_line' id='line_1_27' title="bbox 250 3765 1247 3891; baseline 0.032 -61"><span class='ocrx_word' id='word_1_159' title='bbox 250 3765 439 3857; x_wconf 81' lang='lat' dir='ltr'><strong>„Spinoza</strong></span> <span class='ocrx_word' id='word_1_160' title='bbox 476 3770 637 3842; x_wconf 80' lang='lat' dir='ltr'><strong>verbum</strong></span> <span class='ocrx_word' id='word_1_161' title='bbox 675 3798 753 3845; x_wconf 87' lang='lat' dir='ltr'><strong>non</strong></span> <span class='ocrx_word' id='word_1_162' title='bbox 794 3800 873 3855; x_wconf 82' lang='lat' dir='ltr'><strong>esse</strong></span> <span class='ocrx_word' id='word_1_163' title='bbox 913 3780 1137 3891; x_wconf 62' lang='lat' dir='ltr'><strong>cdntissum,</strong></span> <span class='ocrx_word' id='word_1_164' title='bbox 1171 3790 1247 3862; x_wconf 81' lang='lat' dir='ltr'><strong>nisi</strong></span> 
     </span>
    </p>
   </div>
   <div class='ocr_carea' id='block_1_4' title="bbox 0 0 1326 4484">
    <p class='ocr_par' dir='ltr' id='par_1_5' title="bbox 0 0 1326 4484">
     <span class='ocr_line' id='line_1_28' title="bbox 0 0 1326 4484; baseline 0 1"><span class='ocrx_word' id='word_1_165' title='bbox 0 0 1326 4484; x_wconf 95' lang='lat' dir='ltr'><strong> </strong></span> 
     </span>
    </p>
   </div>
  </div>
 </body>
</html>
