2642 4484
570 247 716 366 ¹⁷,

92 413 296 528 itenditur,
323 437 391 512 secl
415 438 580 535 simplici
602 439 732 536 potius
755 437 892 512 naturis
914 441 982 514 sui
998 414 1130 517 *cunti

94 574 327 669 cogitatione
342 572 556 657 ⁸conveniat
585 596 781 669 unumque
811 573 924 645 faciat
955 594 1094 665 totum,

93 743 144 762 -
167 713 256 778 Esse
293 681 441 778 scilicet
478 706 667 802 cogitans,
706 705 813 802 quod
849 705 976 800 ipsum
1007 728 1109 796 cum·

93 839 259 934 simplici
282 838 349 908 illa
376 831 589 911 differentia
614 839 665 910 sit
686 838 792 910 idem
810 855 924 935 atque
944 835 1095 926 indiffe-

93 994 201 1056 rens,
237 993 361 1066 neque
393 971 595 1066 quominus
632 969 681 1044 ad
710 972 867 1059 libitum
894 971 1013 1044 modo
1046 997 1095 1046 cx

94 1101 180 1186 hac,
210 1102 327 1173 modo
360 1123 408 1174 ex
438 1104 504 1176 illa
530 1127 597 1176 sua
627 1101 749 1176 forma
773 1104 1006 1192 nominetur,
1040 1105 1096 1178 di.
1186 1174 1191 1185 ,

95 1231 299 1307 stinctione
329 1253 433 1310 certa
461 1233 673 1333 impediat.'
721 1243 847 1334 Atque
877 1261 921 1309 ca
953 1238 1096 1334 cogita·

93 1367 210 1440 tionis
234 1369 351 1466 ipsius
378 1393 467 1441 cum
492 1371 683 1442 contrario
712 1370 754 1440 in
785 1393 860 1466 quo
886 1366 1005 1442 finem
1029 1374 1096 1445 ha·

91 1499 172 1586 bet,
205 1501 494 1599 comprehensio
527 1525 636 1572 cause
669 1517 726 1572 est
751 1519 866 1585 certa,
899 1524 967 1573 cur
994 1505 1096 1600 cogi-

91 1649 174 1705 tans
208 1633 310 1724 illud
344 1634 614 1718 Cartesianum,
649 1633 820 1727 quamvis
850 1628 946 1704 lines
975 1635 1098 1705 inclu-

92 1766 209 1854 sionis
240 1789 330 1836 suee
361 1781 403 1835 et
433 1761 760 1858 circumscriptam
787 1781 962 1835 namram
976 1741 1098 1838 =intel·

91 1896 205 1991 ligat‚
242 1897 321 1965 sive
350 1895 478 1990 potius
510 1893 598 1992 quia
623 1919 707 1967 eam
729 1867 929 2000 intelligit,
959 1894 1098 1969 linien-

94 2043 251 2122 temque
262 2020 459 2097 infinitum
472 2015 776 2122 comprehendit,
786 2066 836 2085 -
845 2029 888 2101 in
898 2027 1097 2106 inlinitum

90 2159 325 2256 principium
348 2183 389 2230 se
414 2159 575 2245 attollat,
600 2133 773 2256 finesque
791 2162 905 2232 rebus
930 2164 1098 2234 externis
1127 2201 1131 2205 Δ

91 2291 266 2386 objectos
283 2313 531 2386 perrumpere
545 2310 717 2364 conetur.
744 2296 829 2393 Quo
844 2291 962 2384 igitur
973 2313 1100 2361 ascen·

94 2425 153 2496 clit
178 2423 378 2507 eanesius,
403 2438 449 2491 ut
474 2423 655 2516 cogitans,
682 2420 789 2516 quod
812 2439 924 2492 vocat
943 2416 1101 2492 finitum

94 2557 137 2626 in
161 2550 359 2626 infinitum
378 2550 574 2644 traducat3
601 2553 647 2624 ab
674 2577 720 2623 eo
747 2551 944 2626 descendit
965 2553 1100 2648 Spino-

95 2711 152 2771 za‚
178 2701 224 2754 ut
249 2709 297 2756 ex
321 2677 475 2754 infinito
501 2684 709 2781 cogitante,
745 2683 850 2781 quod
874 2702 1010 2756 natura
1033 2708 1102 2754 sua

95 2823 187 2888 Esse
211 2816 338 2912 ipsum
363 2815 673 2912 comprehcndit,
698 2810 809 2900 finita
834 2818 973 2899 omnia,
1000 2816 1103 2908 cogi·

23 2937 26 2948 ’
96 2951 283 3021 tationem
330 2948 537 3028 humanam
581 2951 718 3045 'resque
767 2947 932 3043 singulas
981 2939 1103 3014 liuere

98 3079 288 3157 ostendat,
342 3081 479 3151 Nihilo
518 3097 647 3152 tamen
683 3076 811 3150 minus
849 3076 965 3147 etiam
1000 3075 1104 3173 apud

94 3211 322 3306 Spinozam,
360 3225 406 3276 ut
444 3211 546 3303 apud
582 3211 811 3293 Cartesium,
849 3231 944 3304 quae
977 3209 1105 3281 omnia
1147 3197 1154 3200 ’

96 3337 294 3438 producit,
318 3361 398 3410 non
422 3339 504 3436 ipsa
529 3357 585 3411 est
610 3340 818 3412 substantia
841 3335 1007 3429 infinita,
1029 3338 1106 3411 sed

97 3474 197 3545 ratic
228 3469 502 3568 philosophans
534 3473 736 3569 spinum,
769 3490 877 3544 extra
906 3473 1012 3544 illam
1036 3493 1107 3564 po·

97 3605 182 3676 sita.
233 3609 341 3677 Haec
366 3604 549 3676 attribute
574 3605 804 3678 substantiae
824 3621 864 3675 et
885 3597 1105 3674 affectiones

101 3733 186 3804 sive
219 3735 374 3834 modos.
392 3738 603 3833 proponit3·
634 3762 694 3811 res
732 3735 997 3812 esubstentie
1027 3758 1109 3807 non

880 3863 910 3937 ἢ
