2642 4484
102 513 280 602 ieritibus
298 513 584 620 'coniunctione
602 511 824 623 'explicatb
858 511 998 603 mirum
1020 538 1105 607 'non

98 677 227 755 potest
258 661 400 747 videri,
430 663 633 758 Spiuozam
666 658 922 732 accidentium
949 668 1103 738 nomine

98 789 411 866 modificationes¹
436 819 566 868 omnes
598 795 830 868 substantiae
858 794 937 867 sive
970 796 1103 867 modos

90 925 445 1020 “comprehendam
480 945 526 1000 ut
553 945 659 1024 patet
690 952 739 998 ex
770 926 827 1013 ei,
864 929 979 1024 quam
1008 931 1104 1000 acci·

102 1057 278 1144 dentium
301 1059 482 1154 proponit
507 1055 773 1131 definitionem
797 1083 962 1148 cumea,
989 1085 1105 1157 quam

98 1190 248 1285 profert
262 1187 593 1264 modificationum
605 1217 720 1264 unam
732 1191 985 1289 eandemque3
1011 1155 1103 1266 vide

99 1324 208 1418 epist.
235 1329 295 1399 IV.
321 1347 406 1421 pag.
432 1300 516 1422 403}
568 1329 667 1412 „Per
684 1319 1038 1397 modificationem“
1054 1362 1103 1383 ·-

99 1452 257 1551 (inquit)
288 1495 339 1512 -
372 1459 592 1555 „intelligm‘
627 1457 708 1528 sive
738 1482 808 1552 per
838 1455 1009 1527 accidens
1041 1456 1102 1543 id,

99 1587 232 1684 ,‘,qu0d
254 1590 296 1660 iu
322 1590 397 1662 alio
423 1608 492 1672 est,
519 1607 558 1658 et
578 1597 651 1684 per'
674 1588 729 1672 id,
754 1589 796 1658 in
821 1612 897 1683 quo
918 1603 986 1672 est,
1013 1611 1103 1658 con·

98 1720 281 1816 „cipitun
340 1721 444 1791 Hinc
479 1717 577 1791 olar'e
597 1723 645 1814 1Ῑ.
682 1735 841 1805 constat,
879 1717 983 1813 quod
1017 1719 1104 1788 sub·

97 1853 263 1938 „stantia
306 1850 356 1920 sit
393 1850 501 1947 prior
533 1849 670 1922 naturi
705 1850 781 1923 suis
824 1849 1101 1942 accidentibus3

97 2007 215 2070 „uam
243 1982 339 2053 haec
367 1981 447 2054 sine
478 1983 544 2056 illa
575 1977 653 2056 neo
671 1983 823 2079 concipi
853 1997 1013 2080 possunt
1035 2005 1101 2054 ne·

96 2119 199 2211 „que
231 2115 406 2192 existere.
460 2121 514 2190 11:
548 2116 724 2190 Secundo
750 2131 917 2213 apparet,
952 2107 1104 2209 praeter

95 2248 348 2336 „substantias
367 2229 423 2321 ‘'et
454 2250 675 2320 accidentia·
695 2249 796 2320 nihil
830 2245 914 2316 dari
950 2243 1104 2312 realiter

96 2381 203 2469 „sive
246 2397 354 2452 extra
387 2381 668 2451 intellectum‘·
701 2415 752 2434 -
812 2374 959 2446 Eidem
990 2375 1103 2470 plane

94 2512 245 2585 ratione·
285 2511 333 2583 de
372 2509 491 2582 modo
531 2511 695 2605 Spinoz'a
734 2507 975 2606 pronuntiat,
1011 2509 1102 2583 vide

98 2638 216 2716 defin.
240 2647 285 2715 V.
312 2658 352 2713 et
374 2637 484 2740 prop.
510 2649 542 2715 1.
568 2641 647 2714 eth.
672 2647 703 2716 1.

192 2779 317 2849 Immo
354 2775 628 2849 attributorum
666 2773 838 2871 ipsorum
869 2773 926 2844 vis
961 2797 1005 2843 ac
1037 2786 1102 2843 ua·

93 2925 182 2981 tura
207 2908 256 2980 ad
280 2879 535 2982 accidantium
558 2904 746 2979 trahenda
769 2894 1003 3002 principium
1026 2919 1101 2996 est3

97 3059 171 3136 qua
205 3043 308 3112 euim
339 3042 488 3113 ratione
523 3037 735 3113 accidentia
772 3032 1020 3119 definiuntur,
1056 3051 1101 3106 ut

96 3173 242 3245 nonin
265 3195 305 3244 se
329 3173 434 3266 ipsis,
468 3171 538 3244 ted
560 3173 602 3242 in
627 3172 702 3243 alio
728 3166 805 3239 sint
828 3179 974 3262 perque·
991 3150 1100 3240 ‘aliid

97 3303 378 3400 concipiantur,
404 3303 551 3389 eidem,
575 3340 625 3358 -·
648 3295 971 3397 quemadmodum
994 3311 1101 3396 'post-

97 3463 142 3512 ea
172 3436 382 3535 apparebit,
414 3474 465 3492 -
497 3436 613 3508 etiam
644 3429 826 3506 attributa
855 3449 944 3503 sunt
975 3410 1100 3502 couci-

95 3568 252 3666 pienda‚
288 3591 385 3665 quae
415 3593 494 3640 non
526 3568 569 3640 in
598 3589 638 3640 se
662 3561 752 3638 solis
775 3557 920 3662 perque
950 3559 1100 3657 seipsa

99 3702 302 3772 subsistere
326 3701 595 3800 intelligemus.

194 3838 320 3929 Atque
339 3823 496 3906 omnino
511 3833 586 3905 erit
601 3827 820 3914 dicendum,
836 3821 991 3897 uomina
1004 3823 1100 3897 baeo

159 3970 167 4008 u
849 3956 902 4029 3.
