2642 4484
197 443 295 513 neat,
327 425 432 524 qnod
461 451 540 499 non
564 426 685 498 fuerit
707 426 751 497 in
774 445 897 510 causa,
926 423 971 493 iu
992 443 1116 492 uuum
1137 442 1207 490 re·

198 559 256 630 dit
279 559 459 656 idemque
484 562 728 656 principium.

294 695 390 790 Quia
413 716 507 765 vero
537 692 715 762 distincta
742 689 786 761 in
815 713 864 762 eo
892 687 1019 759 adbuc
1043 684 1207 757 distinc-

200 822 258 896 tio
284 823 402 910 deest,
432 823 522 920 quia
545 819 747 895 efficientia
770 839 883 894 motu
912 821 996 893 illo.
1011 817 1209 915 patefacta

200 978 241 1026 se
273 956 394 1049 ipsam
427 956 516 1051 ipsa·
544 957 720 1028 nondum
754 952 952 1046 distinxit3
988 946 1210 1023 differentia

202 1085 393 1182 principio
422 1107 481 1160 est
509 1115 628 1187 neque
657 1087 852 1184 implicata
883 1103 999 1183 atque
1034 1083 1209 1155 adventi·

204 1217 259 1287 tia
289 1233 329 1288 et
360 1218 532 1312 disjecta.
587 1229 621 1294 E
651 1220 799 1316 duplici
827 1219 901 1291 hac
934 1219 977 1288 vi
1006 1216 1208 1312 formaque

205 1344 442 1424 differentiae
466 1353 636 1450 perfecte
660 1353 834 1426 nondum
857 1351 1067 1448 explicatae
1092 1365 1208 1445 atque

205 1485 499 1580 comprehensae
526 1487 604 1560 duo
628 1487 724 1558 haec
747 1484 959 1556 necessario
981 1497 1207 1577 sequuntur,

203 1652 254 1671 -
277 1619 452 1706 alterum,
477 1636 522 1691 ut
547 1615 780 1702 differentia,
806 1639 927 1714 quum
950 1615 1068 1687 sitin
1091 1637 1209 1684 unam

204 1747 452 1823 substantiam
466 1753 624 1838 inclusa,
643 1769 768 1826 totam
782 1767 897 1846 atque
911 1749 1102 1844 integram
1116 1745 1206 1817 sub·

204 1883 362 1964 stantiae
385 1882 506 1976 ipsius
530 1883 712 1954 exhibeat
735 1899 928 1973 naturam3
951 1918 1001 1934 -
1028 1881 1206 1965 alterum,

205 2023 251 2078 ut
270 2010 312 2080 in
329 2012 552 2083 varietatem
576 2011 687 2083 cedat
704 2007 907 2096 infinitam,
932 2023 1022 2080 c'um
1038 2011 1216 2106 simplici.

192 2139 325 2238 'aeque
345 2145 463 2216 modo
481 2145 528 2218 ab
545 2167 621 2216 una
635 2143 844 2216 substantia
866 2141 1104 2211 discernatur
1120 2137 1212 2212 fiat·

205 2297 279 2370 que
305 2277 437 2348 aliena.
486 2278 705 2350 Substantia
727 2274 847 2372 igitur
870 2278 953 2368 ipsa
977 2272 1075 2342 hane
1098 2271 1141 2341 in
1164 2295 1210 2343 se
1286 2274 1287 2289 ¹

194 2409 378 2477 ‘continet
394 2413 697 2508 repugnantiam,
722 2427 767 2482 ut
786 2407 941 2506 quaein
957 2429 1032 2474 una
1057 2402 1210 2474 endem·

207 2559 281 2630 que
311 2539 519 2613 substantia
545 2539 761 2617 differentia
789 2555 896 2625 sunt,
928 2561 1047 2636 aeque
1078 2553 1209 2617 tamen

205 2667 282 2737 sint
306 2667 348 2738 in
372 2693 411 2740 se
435 2672 546 2767 ipsis3
571 2712 622 2728 ·-
645 2691 691 2744 ut
714 2675 907 2770 singulum
929 2695 1000 2765 per
1022 2693 1063 2739 se
1088 2664 1209 2761 quod·

207 2823 282 2894 que
307 2825 459 2888 eorum,
486 2804 579 2876 licet
604 2807 731 2875 omnia
755 2804 799 2873 in
822 2825 938 2872 unam
961 2799 1211 2901 substantiam

208 2934 502 3022 confundantur,
527 2951 655 3036 tamen
678 2934 792 3004 sitin
816 2957 857 3004 se
880 2934 965 3029 ipso
979 2956 1104 3026 neque
1121 2953 1210 3000 cum

207 3063 288 3136 aliis
313 3062 383 3138 fiat
407 3093 539 3155 unum,
552 3105 602 3122 -
625 3083 672 3136 ut
695 3065 905 3138 substantia
928 3045 1072 3162 pariter
1095 3062 1145 3134 sit
1167 3061 1210 3131 in

207 3219 247 3266 se
268 3213 420 3276 retenta
446 3217 558 3295 atque
580 3202 623 3270 in
648 3192 866 3270 differentia
889 3196 1140 3294 ingrediatur.

299 3327 497 3398 Attributa
528 3353 637 3425 argo,
672 3333 714 3400 in
745 3330 885 3425 quibus
911 3322 1127 3398 differentia
1152 3339 1210 3396 est

204 3441 451 3545 substantiae}
497 3460 551 3528 ita
593 3457 833 3532 definiuntur
873 3483 895 3530 a
936 3459 1120 3554 Spinozat
1163 3473 1210 3528 ut

203 3589 504 3685 unumquodque
528 3613 599 3683 per
622 3615 662 3660 se
686 3593 812 3686 ipsum
841 3591 892 3660 sit
922 3604 962 3658 et
992 3611 1062 3684 per
1084 3611 1125 3658 se
1149 3587 1209 3682 ipa

166 3765 169 3778 ι
202 3741 284 3790 sum
312 3722 560 3816 concipiatur.
586 3725 700 3818 Prop.
726 3725 773 3792 X.
800 3721 890 3817 Eth.
915 3726 946 3792 1.
985 3723 1088 3815 Quae
1113 3741 1207 3792 vero
