2642 4484
579 268 629 343 85

103 457 310 552 „quornm
333 475 508 553 tempore
531 457 650 553 ipsius
677 454 858 527 fueritin
881 482 971 551 usu;
1006 460 1101 533 falso

3 619 4 622 ¹
100 589 170 675 „id
185 614 294 685 posse
314 591 491 687 intelligi,
515 614 593 661 non
618 588 888 685 perfectiorem
912 589 952 658 in
973 610 1102 663 exten·

99 723 233 807 „sione
247 746 361 817 quam
373 724 414 792 in
426 740 600 817 ternpore
618 741 793 793 naturam
810 722 986 807 inveniri,
1005 747 1102 794 eam·

99 878 203 949 „que
229 856 280 925 ob
305 880 456 927 causam
481 880 527 925 eo
552 854 716 949 deprimi
747 871 944 950 oportere,
981 871 1025 923 ut
1056 853 1103 925 ad

99 989 347 1090 „exemplum
377 988 571 1082 temporis¹
591 987 717 1082 imago
754 988 833 1058 sola
869 986 1102 1057 aeternitatis

98 1142 206 1204 „esse
227 1120 519 1190 contendatur.“
533 1157 584 1173 --
599 1118 799 1214 Recipitur
813 1136 940 1189 autem
962 1121 1002 1190 in
1015 1118 1103 1189 sub·

98 1252 275 1321 stantiam
300 1254 485 1337 extensio,
507 1270 631 1347 'quum
655 1268 784 1335 tamen
808 1268 958 1345 tempus
978 1274 1102 1322 remo·

96 1399 249 1469 ventur,
282 1386 368 1479 quia
398 1387 439 1455 in
472 1384 695 1455 extensione
727 1407 806 1453 non
831 1406 875 1453 ea
894 1398 956 1458 est
982 1384 1102 1476 expli·

97 1515 198 1585 catio
214 1516 441 1589 exclusionis
461 1513 878 1607 determinationisque,
901 1538 996 1608 quae
1022 1514 1101 1583 vim

96 1643 214 1717 efficit
224 1648 407 1739 temporis
424 1644 582 1737 ejusque
600 1670 621 1714 a
639 1645 847 1715 substantia
862 1646 903 1715 in
921 1668 961 1714 se
980 1644 1101 1715 inclu-

94 1804 134 1847 sa
154 1777 376 1845 discrimen.
436 1781 539 1870 Quae
565 1777 787 1847 extensione
814 1776 1099 1858 distenduntur,

96 1909 220 1978 aliena
257 1932 277 1977 a
308 1930 348 1977 se
379 1924 419 1976 et
443 1883 653 1979 inclusain
678 1934 718 1980 se
743 1908 909 1979 vicissim
933 1924 1023 1980 sunt
1047 1922 1099 1977 at·

96 2063 171 2135 que
200 2040 242 2110 in
273 2042 494 2111 extensione
525 2040 705 2112 universi
742 2058 939 2112 remanent
976 2040 1100 2134 quies·

94 2188 273 2267 euntque.
309 2174 507 2269 Temporis
533 2191 658 2243 autem
684 2191 839 2268 puncta,
865 2196 986 2265 quum
1011 2194 1099 2240 con·

94 2305 265 2375 elusione
296 2306 462 2400 simplici
493 2301 720 2388 efficiantur,
755 2302 912 2397 propri&
944 2302 1098 2371 distinc·
1155 2388 1156 2391 Ἴ

89 2438 200 2506 tione
226 2460 265 2505 se
291 2436 516 2519 excludunt,
541 2435 734 2530 singulum
758 2458 828 2529 per
852 2458 891 2505 se
917 2433 1096 2529 qnodque

91 2594 134 2639 se
159 2592 180 2638 a
203 2592 242 2637 se
267 2568 351 2661 ipso
378 2567 562 2652 excludit,
589 2566 726 2637 aliisse
746 2566 906 2661 exponit
929 2567 1094 2661 punctis,

8 2785 12 2794 .
90 2702 242 2789 actione
273 2698 341 2770 sui
371 2722 412 2772 se
443 2716 608 2798 separat,
639 2720 679 2771 se
709 2698 906 2795 producit,
942 2722 981 2768 se
1008 2701 1095 2767 eon·

89 2836 223 2907 nectit.
272 2838 380 2907 Haec
405 2836 505 2905 actio
529 2850 764 2929 punctorum
787 2856 867 2902 sese
891 2828 1095 2900 excluden-

89 2968 189 3037 tium
207 2970 253 3037 in
278 2969 487 3041 substantia
512 2968 638 3038 adhuc
661 2968 775 3057 latet3
812 2988 901 3034 nam
925 2960 1094 3055 quamvis

93 3098 325 3208 accidentias
341 3101 504 3169 alterurn
537 3100 579 3168 in
612 3099 775 3169 alterum
811 3111 1093 3177 convertantur,

36 3235 41 3245 '
88 3229 213 3324 iisque
237 3229 419 3309 tollendis
443 3231 651 3301 substantia
675 3228 871 3321 subsistat3
899 3252 942 3298 ea
966 3244 1094 3298 tamen

92 3362 293 3435 conversio
323 3362 377 3431 ita
406 3378 465 3431 est
494 3362 658 3455 simplex
690 3380 807 3457 atque
841 3356 1011 3439 infinita,
1050 3370 1094 3423 ut

89 3519 170 3565 non
193 3494 350 3589 proprii
376 3518 418 3563 ac
444 3492 625 3564 distincta
652 3494 908 3565 accidentium
933 3484 1094 3558 efficien-

92 3626 160 3711 tis,
186 3626 254 3709 sed
270 3640 436 3696 aeterno
461 3648 595 3694 eorum
620 3628 811 3720 principio
833 3620 1027 3704 efficiatur,
1047 3615 1095 3689 ad

90 3760 275 3852 temporis
300 3757 597 3853 explicationem
620 3782 700 3827 non
726 3752 896 3827 excedat.
