<?xml version="1.0" encoding="UTF-8"?>
<!DOCTYPE html PUBLIC "-//W3C//DTD XHTML 1.0 Transitional//EN"
    "http://www.w3.org/TR/xhtml1/DTD/xhtml1-transitional.dtd">
<html xmlns="http://www.w3.org/1999/xhtml" xml:lang="en" lang="en">
 <head>
  <title>
</title>
<meta http-equiv="Content-Type" content="text/html;charset=utf-8" />
  <meta name='ocr-system' content='tesseract 3.04.00' />
  <meta name='ocr-capabilities' content='ocr_page ocr_carea ocr_par ocr_line ocrx_word'/>
</head>
<body>
  <div class='ocr_page' id='page_1' title='image "./explicatiospino00boumgoog_0074.png"; bbox 0 0 2642 4484; ppageno 0'>
   <div class='ocr_carea' id='block_1_1' title="bbox 129 473 1226 2291">
    <p class='ocr_par' dir='ltr' id='par_1_1' title="bbox 129 473 1226 2291">
     <span class='ocr_line' id='line_1_1' title="bbox 208 473 1207 568; baseline -0.016 -12"><span class='ocrx_word' id='word_1_1' title='bbox 208 485 322 556; x_wconf 83' lang='lat' dir='ltr'><strong>etiam</strong></span> <span class='ocrx_word' id='word_1_2' title='bbox 344 482 387 552; x_wconf 87' lang='lat' dir='ltr'><strong>in</strong></span> <span class='ocrx_word' id='word_1_3' title='bbox 411 501 521 568; x_wconf 75' lang='lat' dir='ltr'><strong>sensu</strong></span> <span class='ocrx_word' id='word_1_4' title='bbox 544 475 748 548; x_wconf 81' lang='lat' dir='ltr'><strong>houainum</strong></span> <span class='ocrx_word' id='word_1_5' title='bbox 773 473 967 546; x_wconf 88' lang='lat' dir='ltr'><strong>communi</strong></span> <span class='ocrx_word' id='word_1_6' title='bbox 991 489 1030 543; x_wconf 89' lang='lat' dir='ltr'><strong>et</strong></span> <span class='ocrx_word' id='word_1_7' title='bbox 1057 484 1207 541; x_wconf 89' lang='lat' dir='ltr'><strong>senten·</strong></span> 
     </span>
     <span class='ocr_line' id='line_1_2' title="bbox 207 587 1206 706; baseline -0.014 -20"><span class='ocrx_word' id='word_1_8' title='bbox 207 617 261 687; x_wconf 85' lang='lat' dir='ltr'><strong>tiu</strong></span> <span class='ocrx_word' id='word_1_9' title='bbox 299 633 367 686; x_wconf 88' lang='lat' dir='ltr'><strong>est.</strong></span> <span class='ocrx_word' id='word_1_10' title='bbox 427 616 552 706; x_wconf 81' lang='lat' dir='ltr'>Atque</span> <span class='ocrx_word' id='word_1_11' title='bbox 588 609 647 679; x_wconf 88' lang='lat' dir='ltr'><strong>his</strong></span> <span class='ocrx_word' id='word_1_12' title='bbox 685 608 826 679; x_wconf 85' lang='lat' dir='ltr'><strong>collato</strong></span> <span class='ocrx_word' id='word_1_13' title='bbox 861 607 961 703; x_wconf 85' lang='lat' dir='ltr'><strong>pede</strong></span> <span class='ocrx_word' id='word_1_14' title='bbox 998 587 1206 677; x_wconf 76' lang='lat' dir='ltr'><strong>dimicandi</strong></span> 
     </span>
     <span class='ocr_line' id='line_1_3' title="bbox 191 735 1207 843; baseline -0.017 -21"><span class='ocrx_word' id='word_1_15' title='bbox 191 747 356 843; x_wconf 79' lang='lat' dir='ltr'><strong>,copiam</strong></span> <span class='ocrx_word' id='word_1_16' title='bbox 380 739 542 841; x_wconf 81' lang='lat' dir='ltr'><strong>Spinoza</strong></span> <span class='ocrx_word' id='word_1_17' title='bbox 568 742 675 828; x_wconf 81' lang='lat' dir='ltr'><strong>facit,</strong></span> <span class='ocrx_word' id='word_1_18' title='bbox 711 765 829 837; x_wconf 89' lang='lat' dir='ltr'><strong>quum</strong></span> <span class='ocrx_word' id='word_1_19' title='bbox 852 739 1045 836; x_wconf 88' lang='lat' dir='ltr'><strong>principio</strong></span> <span class='ocrx_word' id='word_1_20' title='bbox 1069 760 1138 806; x_wconf 89' lang='lat' dir='ltr'><strong>suo</strong></span> <span class='ocrx_word' id='word_1_21' title='bbox 1163 735 1207 806; x_wconf 84' lang='lat' dir='ltr'><strong>id</strong></span> 
     </span>
     <span class='ocr_line' id='line_1_4' title="bbox 188 871 1207 972; baseline -0.009 -24"><span class='ocrx_word' id='word_1_22' title='bbox 188 875 379 962; x_wconf 71' lang='lat' dir='ltr'><strong>definiat,</strong></span> <span class='ocrx_word' id='word_1_23' title='bbox 403 876 510 972; x_wconf 83' lang='lat' dir='ltr'><strong>quod</strong></span> <span class='ocrx_word' id='word_1_24' title='bbox 534 897 725 946; x_wconf 88' lang='lat' dir='ltr'><strong>summum</strong></span> <span class='ocrx_word' id='word_1_25' title='bbox 750 891 807 944; x_wconf 90' lang='lat' dir='ltr'><strong>est</strong></span> <span class='ocrx_word' id='word_1_26' title='bbox 829 874 871 943; x_wconf 92' lang='lat' dir='ltr'><strong>in</strong></span> <span class='ocrx_word' id='word_1_27' title='bbox 896 874 1076 968; x_wconf 90' lang='lat' dir='ltr'><strong>opinione</strong></span> <span class='ocrx_word' id='word_1_28' title='bbox 1102 871 1207 940; x_wconf 84' lang='lat' dir='ltr'><strong>etin</strong></span> 
     </span>
     <span class='ocr_line' id='line_1_5' title="bbox 205 1006 1208 1105; baseline -0.012 -21"><span class='ocrx_word' id='word_1_29' title='bbox 205 1007 297 1086; x_wconf 79' lang='lat' dir='ltr'><strong>fide.</strong></span> <span class='ocrx_word' id='word_1_30' title='bbox 353 1009 542 1105; x_wconf 85' lang='lat' dir='ltr'><strong>Quoniam</strong></span> <span class='ocrx_word' id='word_1_31' title='bbox 573 1024 700 1104; x_wconf 84' lang='lat' dir='ltr'><strong>autem</strong></span> <span class='ocrx_word' id='word_1_32' title='bbox 731 1031 775 1076; x_wconf 81' lang='lat' dir='ltr'><strong>ea</strong></span> <span class='ocrx_word' id='word_1_33' title='bbox 804 1029 863 1077; x_wconf 86' lang='lat' dir='ltr'><strong>res</strong></span> <span class='ocrx_word' id='word_1_34' title='bbox 894 1023 975 1077; x_wconf 87' lang='lat' dir='ltr'><strong>tam</strong></span> <span class='ocrx_word' id='word_1_35' title='bbox 1003 1006 1208 1077; x_wconf 86' lang='lat' dir='ltr'><strong>vehemen-</strong></span> 
     </span>
     <span class='ocr_line' id='line_1_6' title="bbox 206 1140 1208 1235; baseline -0.008 -21"><span class='ocrx_word' id='word_1_36' title='bbox 206 1161 266 1214; x_wconf 85' lang='lat' dir='ltr'><strong>ter</strong></span> <span class='ocrx_word' id='word_1_37' title='bbox 290 1142 435 1214; x_wconf 88' lang='lat' dir='ltr'><strong>animos</strong></span> <span class='ocrx_word' id='word_1_38' title='bbox 461 1141 560 1212; x_wconf 85' lang='lat' dir='ltr'><strong>solet</strong></span> <span class='ocrx_word' id='word_1_39' title='bbox 592 1155 853 1232; x_wconf 80' lang='lat' dir='ltr'><strong>commovere3</strong></span> <span class='ocrx_word' id='word_1_40' title='bbox 887 1157 989 1210; x_wconf 87' lang='lat' dir='ltr'><strong>certa</strong></span> <span class='ocrx_word' id='word_1_41' title='bbox 1020 1140 1208 1235; x_wconf 86' lang='lat' dir='ltr'><strong>Spinozae</strong></span> 
     </span>
     <span class='ocr_line' id='line_1_7' title="bbox 129 1267 1206 1369; baseline -0.004 -25"><span class='ocrx_word' id='word_1_42' title='bbox 129 1315 132 1330; x_wconf 70' lang='grc'><strong><em>»</em></strong></span> <span class='ocrx_word' id='word_1_43' title='bbox 205 1274 323 1369; x_wconf 87' lang='lat' dir='ltr'><strong>ipsius</strong></span> <span class='ocrx_word' id='word_1_44' title='bbox 348 1274 465 1345; x_wconf 85' lang='lat' dir='ltr'><strong>verba</strong></span> <span class='ocrx_word' id='word_1_45' title='bbox 490 1267 706 1345; x_wconf 85' lang='lat' dir='ltr'><strong>afferantur.</strong></span> <span class='ocrx_word' id='word_1_46' title='bbox 741 1267 873 1343; x_wconf 81' lang='lat' dir='ltr'><strong>Defin.</strong></span> <span class='ocrx_word' id='word_1_47' title='bbox 887 1275 924 1346; x_wconf 88' lang='lat'><strong>6.</strong></span> <span class='ocrx_word' id='word_1_48' title='bbox 957 1278 1055 1358; x_wconf 89' lang='lat' dir='ltr'><strong>„Per</strong></span> <span class='ocrx_word' id='word_1_49' title='bbox 1065 1275 1206 1355; x_wconf 88' lang='lat' dir='ltr'><strong>Deum,</strong></span> 
     </span>
     <span class='ocr_line' id='line_1_8' title="bbox 207 1399 1208 1505; baseline -0.005 -28"><span class='ocrx_word' id='word_1_50' title='bbox 207 1408 376 1502; x_wconf 88' lang='lat' dir='ltr'><strong>„inquit,</strong></span> <span class='ocrx_word' id='word_1_51' title='bbox 402 1407 577 1502; x_wconf 80' lang='lat' dir='ltr'><strong>intelligo</strong></span> <span class='ocrx_word' id='word_1_52' title='bbox 603 1429 667 1476; x_wconf 85' lang='lat' dir='ltr'><strong>ens</strong></span> <span class='ocrx_word' id='word_1_53' title='bbox 693 1399 1104 1505; x_wconf 85' lang='lat' dir='ltr'><strong>absolute-infinitum,</strong></span> <span class='ocrx_word' id='word_1_54' title='bbox 1129 1404 1208 1473; x_wconf 87' lang='lat' dir='ltr'><strong>hoc</strong></span> 
     </span>
     <span class='ocr_line' id='line_1_9' title="bbox 206 1532 1209 1624; baseline -0.004 -16"><span class='ocrx_word' id='word_1_55' title='bbox 206 1555 300 1624; x_wconf 84' lang='lat' dir='ltr'><strong>,‚est,</strong></span> <span class='ocrx_word' id='word_1_56' title='bbox 327 1539 575 1610; x_wconf 79' lang='lat' dir='ltr'><strong>substantiam</strong></span> <span class='ocrx_word' id='word_1_57' title='bbox 602 1555 836 1609; x_wconf 77' lang='lat' dir='ltr'><strong>constantem</strong></span> <span class='ocrx_word' id='word_1_58' title='bbox 859 1532 1018 1608; x_wconf 85' lang='lat' dir='ltr'><strong>infinitis</strong></span> <span class='ocrx_word' id='word_1_59' title='bbox 1047 1537 1209 1607; x_wconf 86' lang='lat' dir='ltr'><strong>attribu·</strong></span> 
     </span>
     <span class='ocr_line' id='line_1_10' title="bbox 205 1650 1226 1767; baseline -0.006 -26"><span class='ocrx_word' id='word_1_60' title='bbox 205 1672 301 1758; x_wconf 87' lang='lat' dir='ltr'><strong>„tis,</strong></span> <span class='ocrx_word' id='word_1_61' title='bbox 337 1694 501 1765; x_wconf 87' lang='lat' dir='ltr'><strong>quorum</strong></span> <span class='ocrx_word' id='word_1_62' title='bbox 525 1694 646 1740; x_wconf 90' lang='lat' dir='ltr'><strong>unum</strong></span> <span class='ocrx_word' id='word_1_63' title='bbox 671 1671 852 1767; x_wconf 89' lang='lat' dir='ltr'><strong>quodque</strong></span> <span class='ocrx_word' id='word_1_64' title='bbox 877 1686 1066 1741; x_wconf 85' lang='lat' dir='ltr'><strong>aeternam</strong></span> <span class='ocrx_word' id='word_1_65' title='bbox 1092 1650 1226 1760; x_wconf 30' lang='lat' dir='ltr'><strong>atque*</strong></span> 
     </span>
     <span class='ocr_line' id='line_1_11' title="bbox 206 1797 1207 1898; baseline 0 -27"><span class='ocrx_word' id='word_1_66' title='bbox 206 1797 425 1888; x_wconf 86' lang='lat' dir='ltr'><strong>„infinitam</strong></span> <span class='ocrx_word' id='word_1_67' title='bbox 450 1803 651 1874; x_wconf 85' lang='lat' dir='ltr'><strong>essentiam</strong></span> <span class='ocrx_word' id='word_1_68' title='bbox 677 1804 867 1898; x_wconf 83' lang='lat' dir='ltr'><strong>exprimit.</strong></span> <span class='ocrx_word' id='word_1_69' title='bbox 893 1841 943 1856; x_wconf 89' lang='lat'><strong>·-</strong></span> <span class='ocrx_word' id='word_1_70' title='bbox 970 1807 1070 1874; x_wconf 89' lang='lat' dir='ltr'><strong>Tum</strong></span> <span class='ocrx_word' id='word_1_71' title='bbox 1093 1825 1207 1895; x_wconf 88' lang='lat' dir='ltr'>prop.</span> 
     </span>
     <span class='ocr_line' id='line_1_12' title="bbox 207 1922 1207 2021; baseline -0.002 -15"><span class='ocrx_word' id='word_1_72' title='bbox 207 1961 292 2021; x_wconf 88' lang='lat'><strong>‚,11.</strong></span> <span class='ocrx_word' id='word_1_73' title='bbox 334 1939 438 2003; x_wconf 89' lang='lat' dir='ltr'><strong>Deus</strong></span> <span class='ocrx_word' id='word_1_74' title='bbox 469 1933 548 2003; x_wconf 89' lang='lat' dir='ltr'><strong>sive</strong></span> <span class='ocrx_word' id='word_1_75' title='bbox 587 1931 795 2004; x_wconf 89' lang='lat' dir='ltr'><strong>substantia</strong></span> <span class='ocrx_word' id='word_1_76' title='bbox 834 1954 1006 2007; x_wconf 84' lang='lat' dir='ltr'><strong>constans</strong></span> <span class='ocrx_word' id='word_1_77' title='bbox 1043 1922 1207 2004; x_wconf 83' lang='lat' dir='ltr'><strong>infinitis</strong></span> 
     </span>
     <span class='ocr_line' id='line_1_13' title="bbox 205 2063 1208 2161; baseline 0.003 -27"><span class='ocrx_word' id='word_1_78' title='bbox 205 2065 430 2151; x_wconf 82' lang='lat' dir='ltr'><strong>„attributis</strong></span> <span class='ocrx_word' id='word_1_79' title='bbox 465 2063 675 2133; x_wconf 86' lang='lat' dir='ltr'><strong>necessario</strong></span> <span class='ocrx_word' id='word_1_80' title='bbox 712 2065 853 2137; x_wconf 81' lang='lat' dir='ltr'><strong>existit.</strong></span> <span class='ocrx_word' id='word_1_81' title='bbox 912 2071 962 2136; x_wconf 85' lang='lat' dir='ltr'><strong>Et</strong></span> <span class='ocrx_word' id='word_1_82' title='bbox 997 2088 1107 2161; x_wconf 87' lang='lat' dir='ltr'><strong>prop.</strong></span> <span class='ocrx_word' id='word_1_83' title='bbox 1149 2069 1208 2158; x_wconf 69' lang='lat'><strong>14.</strong></span> 
     </span>
     <span class='ocr_line' id='line_1_14' title="bbox 206 2194 1211 2291; baseline -0.004 -23"><span class='ocrx_word' id='word_1_84' title='bbox 206 2203 387 2284; x_wconf 84' lang='lat' dir='ltr'><strong>„Praeter</strong></span> <span class='ocrx_word' id='word_1_85' title='bbox 418 2197 549 2264; x_wconf 86' lang='lat' dir='ltr'><strong>Deum</strong></span> <span class='ocrx_word' id='word_1_86' title='bbox 584 2196 691 2265; x_wconf 89' lang='lat' dir='ltr'><strong>nulla</strong></span> <span class='ocrx_word' id='word_1_87' title='bbox 723 2194 805 2266; x_wconf 85' lang='lat' dir='ltr'><strong>dari</strong></span> <span class='ocrx_word' id='word_1_88' title='bbox 834 2221 906 2266; x_wconf 87' lang='lat' dir='ltr'><strong>nee</strong></span> <span class='ocrx_word' id='word_1_89' title='bbox 936 2197 1089 2291; x_wconf 89' lang='lat' dir='ltr'><strong>concipi</strong></span> <span class='ocrx_word' id='word_1_90' title='bbox 1119 2195 1211 2266; x_wconf 50' lang='lat' dir='ltr'><strong>sub&amp;</strong></span> 
     </span>
    </p>
   </div>
   <div class='ocr_carea' id='block_1_2' title="bbox 205 2327 1212 2430">
    <p class='ocr_par' dir='ltr' id='par_1_2' title="bbox 205 2327 1212 2430">
     <span class='ocr_line' id='line_1_15' title="bbox 205 2327 1212 2430; baseline -0.002 -30"><span class='ocrx_word' id='word_1_91' title='bbox 205 2329 368 2417; x_wconf 88' lang='lat' dir='ltr'><strong>„stantia</strong></span> <span class='ocrx_word' id='word_1_92' title='bbox 392 2344 531 2422; x_wconf 86' lang='lat' dir='ltr'><strong>potest,</strong></span> <span class='ocrx_word' id='word_1_93' title='bbox 559 2343 598 2396; x_wconf 88' lang='lat' dir='ltr'><strong>et</strong></span> <span class='ocrx_word' id='word_1_94' title='bbox 621 2351 732 2424; x_wconf 86' lang='lat' dir='ltr'><strong>prop.</strong></span> <span class='ocrx_word' id='word_1_95' title='bbox 761 2347 825 2430; x_wconf 21' lang='lat'><strong>15..</strong></span> <span class='ocrx_word' id='word_1_96' title='bbox 854 2328 1045 2426; x_wconf 82' lang='lat' dir='ltr'><strong>Quicquid</strong></span> <span class='ocrx_word' id='word_1_97' title='bbox 1070 2344 1137 2412; x_wconf 89' lang='lat' dir='ltr'><strong>est,</strong></span> <span class='ocrx_word' id='word_1_98' title='bbox 1166 2327 1212 2398; x_wconf 89' lang='lat' dir='ltr'><strong>in</strong></span> 
     </span>
    </p>
   </div>
   <div class='ocr_carea' id='block_1_3' title="bbox 154 2459 1211 3911">
    <p class='ocr_par' dir='ltr' id='par_1_3' title="bbox 207 2459 1211 2556">
     <span class='ocr_line' id='line_1_16' title="bbox 207 2459 1211 2556; baseline -0.001 -24"><span class='ocrx_word' id='word_1_99' title='bbox 207 2465 319 2547; x_wconf 87' lang='lat' dir='ltr'><strong>„Deo</strong></span> <span class='ocrx_word' id='word_1_100' title='bbox 347 2476 414 2545; x_wconf 88' lang='lat' dir='ltr'><strong>est,</strong></span> <span class='ocrx_word' id='word_1_101' title='bbox 454 2477 493 2529; x_wconf 93' lang='lat' dir='ltr'><strong>et</strong></span> <span class='ocrx_word' id='word_1_102' title='bbox 517 2459 618 2534; x_wconf 90' lang='lat' dir='ltr'><strong>nihil</strong></span> <span class='ocrx_word' id='word_1_103' title='bbox 641 2461 722 2532; x_wconf 90' lang='lat' dir='ltr'><strong>sine</strong></span> <span class='ocrx_word' id='word_1_104' title='bbox 746 2463 833 2534; x_wconf 91' lang='lat' dir='ltr'><strong>Dec</strong></span> <span class='ocrx_word' id='word_1_105' title='bbox 859 2487 937 2533; x_wconf 88' lang='lat' dir='ltr'><strong>esse</strong></span> <span class='ocrx_word' id='word_1_106' title='bbox 962 2487 1032 2533; x_wconf 88' lang='lat' dir='ltr'><strong>nec</strong></span> <span class='ocrx_word' id='word_1_107' title='bbox 1058 2462 1211 2556; x_wconf 89' lang='lat' dir='ltr'><strong>concipi</strong></span> 
     </span>
    </p>

    <p class='ocr_par' dir='ltr' id='par_1_4' title="bbox 154 2594 1211 3911">
     <span class='ocr_line' id='line_1_17' title="bbox 208 2594 1209 2687; baseline 0.002 -25"><span class='ocrx_word' id='word_1_108' title='bbox 208 2607 373 2686; x_wconf 78' lang='lat' dir='ltr'><strong>„potest</strong></span> <span class='ocrx_word' id='word_1_109' title='bbox 423 2595 474 2659; x_wconf 88' lang='lat' dir='ltr'><strong>Et</strong></span> <span class='ocrx_word' id='word_1_110' title='bbox 496 2615 607 2687; x_wconf 88' lang='lat' dir='ltr'><strong>prop.</strong></span> <span class='ocrx_word' id='word_1_111' title='bbox 636 2597 692 2665; x_wconf 89' lang='lat'><strong>16.</strong></span> <span class='ocrx_word' id='word_1_112' title='bbox 725 2597 784 2664; x_wconf 86' lang='lat' dir='ltr'><strong>Ex</strong></span> <span class='ocrx_word' id='word_1_113' title='bbox 808 2599 1031 2666; x_wconf 88' lang='lat' dir='ltr'><strong>necessitate</strong></span> <span class='ocrx_word' id='word_1_114' title='bbox 1058 2594 1209 2665; x_wconf 87' lang='lat' dir='ltr'><strong>divinae</strong></span> 
     </span>
     <span class='ocr_line' id='line_1_18' title="bbox 156 2697 1209 2822; baseline 0 -28"><span class='ocrx_word' id='word_1_115' title='bbox 156 2697 159 2701; x_wconf 19' lang='grc' dir='ltr'>Ι</span> <span class='ocrx_word' id='word_1_116' title='bbox 207 2725 389 2809; x_wconf 84' lang='lat' dir='ltr'><strong>„naturae</strong></span> <span class='ocrx_word' id='word_1_117' title='bbox 426 2717 582 2792; x_wconf 78' lang='lat' dir='ltr'><strong>&#39;infinita</strong></span> <span class='ocrx_word' id='word_1_118' title='bbox 622 2720 783 2794; x_wconf 89' lang='lat' dir='ltr'><strong>infinitis</strong></span> <span class='ocrx_word' id='word_1_119' title='bbox 824 2727 948 2798; x_wconf 86' lang='lat' dir='ltr'><strong>modis</strong></span> <span class='ocrx_word' id='word_1_120' title='bbox 990 2728 1098 2822; x_wconf 89' lang='lat' dir='ltr'><strong>sequi</strong></span> <span class='ocrx_word' id='word_1_121' title='bbox 1144 2721 1209 2796; x_wconf 84' lang='lat' dir='ltr'><strong>de·</strong></span> 
     </span>
     <span class='ocr_line' id='line_1_19' title="bbox 208 2838 1210 2942; baseline 0.001 -17"><span class='ocrx_word' id='word_1_122' title='bbox 208 2856 339 2942; x_wconf 65' lang='lat' dir='ltr'><strong>„bena</strong></span> <span class='ocrx_word' id='word_1_123' title='bbox 369 2891 419 2908; x_wconf 92' lang='lat'>-</span> <span class='ocrx_word' id='word_1_124' title='bbox 468 2838 609 2926; x_wconf 85' lang='lat' dir='ltr'><strong>Goroll.</strong></span> <span class='ocrx_word' id='word_1_125' title='bbox 641 2861 673 2928; x_wconf 92' lang='lat' dir='ltr'><strong>I.</strong></span> <span class='ocrx_word' id='word_1_126' title='bbox 710 2855 815 2925; x_wconf 89' lang='lat' dir='ltr'><strong>Deus</strong></span> <span class='ocrx_word' id='word_1_127' title='bbox 851 2875 908 2927; x_wconf 87' lang='lat' dir='ltr'><strong>est</strong></span> <span class='ocrx_word' id='word_1_128' title='bbox 941 2858 1117 2936; x_wconf 80' lang='lat' dir='ltr'><strong>¹omnium</strong></span> <span class='ocrx_word' id='word_1_129' title='bbox 1151 2882 1210 2929; x_wconf 88' lang='lat' dir='ltr'><strong>re-</strong></span> 
     </span>
     <span class='ocr_line' id='line_1_20' title="bbox 209 2980 1211 3073; baseline 0.005 -18"><span class='ocrx_word' id='word_1_130' title='bbox 209 2989 455 3073; x_wconf 71' lang='lat' dir='ltr'><strong>„rum&#39;causa</strong></span> <span class='ocrx_word' id='word_1_131' title='bbox 481 2980 655 3071; x_wconf 83' lang='lat' dir='ltr'><strong>efficiens,</strong></span> <span class='ocrx_word' id='word_1_132' title='bbox 680 3026 729 3040; x_wconf 92' lang='lat'><strong>·-</strong></span> <span class='ocrx_word' id='word_1_133' title='bbox 765 2989 908 3062; x_wconf 85' lang='lat' dir='ltr'><strong>Coroll.</strong></span> <span class='ocrx_word' id='word_1_134' title='bbox 933 2995 985 3063; x_wconf 94' lang='lat' dir='ltr'><strong>II.</strong></span> <span class='ocrx_word' id='word_1_135' title='bbox 1014 2991 1119 3059; x_wconf 89' lang='lat' dir='ltr'><strong>Deus</strong></span> <span class='ocrx_word' id='word_1_136' title='bbox 1153 3006 1211 3060; x_wconf 87' lang='lat' dir='ltr'><strong>est</strong></span> 
     </span>
     <span class='ocr_line' id='line_1_21' title="bbox 209 3099 1209 3215; baseline 0.008 -29"><span class='ocrx_word' id='word_1_137' title='bbox 209 3099 346 3204; x_wconf 85' lang='lat' dir='ltr'><strong>„causa</strong></span> <span class='ocrx_word' id='word_1_138' title='bbox 370 3139 441 3212; x_wconf 87' lang='lat' dir='ltr'><strong>per</strong></span> <span class='ocrx_word' id='word_1_139' title='bbox 463 3141 514 3203; x_wconf 88' lang='lat' dir='ltr'><strong>se,</strong></span> <span class='ocrx_word' id='word_1_140' title='bbox 540 3143 618 3190; x_wconf 86' lang='lat' dir='ltr'><strong>uon</strong></span> <span class='ocrx_word' id='word_1_141' title='bbox 643 3105 735 3193; x_wconf 68' lang='lat' dir='ltr'><strong>uero</strong></span> <span class='ocrx_word' id='word_1_142' title='bbox 760 3145 830 3215; x_wconf 90' lang='lat' dir='ltr'><strong>per</strong></span> <span class='ocrx_word' id='word_1_143' title='bbox 855 3121 1040 3194; x_wconf 83' lang='lat' dir='ltr'><strong>accidens.</strong></span> <span class='ocrx_word' id='word_1_144' title='bbox 1066 3162 1114 3178; x_wconf 92' lang='lat'><em>-</em></span> <span class='ocrx_word' id='word_1_145' title='bbox 1139 3127 1209 3194; x_wconf 91' lang='lat' dir='ltr'><strong>Co·</strong></span> 
     </span>
     <span class='ocr_line' id='line_1_22' title="bbox 209 3242 1206 3351; baseline 0.011 -34"><span class='ocrx_word' id='word_1_146' title='bbox 209 3249 323 3335; x_wconf 87' lang='lat' dir='ltr'><strong>„roll.</strong></span> <span class='ocrx_word' id='word_1_147' title='bbox 357 3253 425 3320; x_wconf 86' lang='grc' dir='ltr'><strong>ΙΙΙ.</strong></span> <span class='ocrx_word' id='word_1_148' title='bbox 475 3249 600 3321; x_wconf 79' lang='lat' dir='ltr'><strong>Deus</strong></span> <span class='ocrx_word' id='word_1_149' title='bbox 622 3268 678 3322; x_wconf 88' lang='lat' dir='ltr'><strong>est</strong></span> <span class='ocrx_word' id='word_1_150' title='bbox 712 3254 885 3326; x_wconf 87' lang='lat' dir='ltr'><strong>absolute</strong></span> <span class='ocrx_word' id='word_1_151' title='bbox 923 3278 1032 3327; x_wconf 89' lang='lat' dir='ltr'><strong>causa</strong></span> <span class='ocrx_word' id='word_1_152' title='bbox 1072 3242 1206 3351; x_wconf 80' lang='lat' dir='ltr'><strong>prima.</strong></span> 
     </span>
     <span class='ocr_line' id='line_1_23' title="bbox 208 3377 1208 3494; baseline -0.012 -27"><span class='ocrx_word' id='word_1_153' title='bbox 208 3383 346 3494; x_wconf 77' lang='lat' dir='ltr'><strong>„Prop</strong></span> <span class='ocrx_word' id='word_1_154' title='bbox 376 3401 433 3473; x_wconf 82' lang='lat'><strong>17.</strong></span> <span class='ocrx_word' id='word_1_155' title='bbox 468 3385 585 3453; x_wconf 88' lang='lat' dir='ltr'><strong>Deus&#39;</strong></span> <span class='ocrx_word' id='word_1_156' title='bbox 607 3407 655 3454; x_wconf 88' lang='lat' dir='ltr'><strong>ex</strong></span> <span class='ocrx_word' id='word_1_157' title='bbox 685 3377 773 3457; x_wconf 81' lang='lat' dir='ltr'><strong>solis</strong></span> <span class='ocrx_word' id='word_1_158' title='bbox 805 3411 894 3457; x_wconf 85' lang='lat' dir='ltr'><strong>suae</strong></span> <span class='ocrx_word' id='word_1_159' title='bbox 923 3406 1080 3460; x_wconf 89' lang='lat' dir='ltr'><strong>naturae</strong></span> <span class='ocrx_word' id='word_1_160' title='bbox 1114 3387 1208 3484; x_wconf 83' lang='lat' dir='ltr'><strong>legi·</strong></span> 
     </span>
     <span class='ocr_line' id='line_1_24' title="bbox 154 3489 1205 3618; baseline 0.01 -36"><span class='ocrx_word' id='word_1_161' title='bbox 154 3515 157 3520; x_wconf 85' lang='grc'><strong>’</strong></span> <span class='ocrx_word' id='word_1_162' title='bbox 209 3511 324 3597; x_wconf 87' lang='lat' dir='ltr'><strong>„bus,</strong></span> <span class='ocrx_word' id='word_1_163' title='bbox 358 3527 399 3582; x_wconf 89' lang='lat' dir='ltr'><strong>et</strong></span> <span class='ocrx_word' id='word_1_164' title='bbox 426 3489 454 3582; x_wconf 72' lang='lat' dir='ltr'><strong>¹‘a</strong></span> <span class='ocrx_word' id='word_1_165' title='bbox 490 3513 643 3586; x_wconf 83' lang='lat' dir='ltr'><strong>nemine</strong></span> <span class='ocrx_word' id='word_1_166' title='bbox 663 3535 830 3590; x_wconf 76' lang='lat' dir='ltr'><strong>eoactus</strong></span> <span class='ocrx_word' id='word_1_167' title='bbox 863 3520 959 3618; x_wconf 73' lang='lat' dir='ltr'><strong>agit.</strong></span> <span class='ocrx_word' id='word_1_168' title='bbox 1002 3521 1142 3594; x_wconf 87' lang='lat' dir='ltr'><strong>Coroll.</strong></span> <span class='ocrx_word' id='word_1_169' title='bbox 1174 3527 1205 3593; x_wconf 93' lang='lat' dir='ltr'><strong>I.</strong></span> 
     </span>
     <span class='ocr_line' id='line_1_25' title="bbox 208 3619 1208 3744; baseline 0.012 -32"><span class='ocrx_word' id='word_1_170' title='bbox 208 3643 351 3727; x_wconf 89' lang='lat' dir='ltr'><strong>„Nulla</strong></span> <span class='ocrx_word' id='word_1_171' title='bbox 377 3647 434 3715; x_wconf 78' lang='lat' dir='ltr'><strong>es&#39;t</strong></span> <span class='ocrx_word' id='word_1_172' title='bbox 465 3651 593 3741; x_wconf 72' lang='lat' dir='ltr'><strong>causa.</strong></span> <span class='ocrx_word' id='word_1_173' title='bbox 625 3645 721 3744; x_wconf 83' lang='lat' dir='ltr'><strong>quae</strong></span> <span class='ocrx_word' id='word_1_174' title='bbox 745 3619 874 3721; x_wconf 86' lang='lat' dir='ltr'><strong>Deum</strong></span> <span class='ocrx_word' id='word_1_175' title='bbox 903 3653 1113 3724; x_wconf 83' lang='lat' dir='ltr'><strong>extrinsece</strong></span> <span class='ocrx_word' id='word_1_176' title='bbox 1143 3653 1208 3724; x_wconf 82' lang='lat' dir='ltr'><strong>vel</strong></span> 
     </span>
     <span class='ocr_line' id='line_1_26' title="bbox 207 3757 1203 3911; baseline 0.014 -69"><span class='ocrx_word' id='word_1_177' title='bbox 207 3757 454 3911; x_wconf 44' lang='lat' dir='ltr'><strong>{intricatam</strong></span> <span class='ocrx_word' id='word_1_178' title='bbox 488 3760 639 3874; x_wconf 72' lang='lat' dir='ltr'><strong>praeter</strong></span> <span class='ocrx_word' id='word_1_179' title='bbox 665 3781 784 3878; x_wconf 86' lang='lat' dir='ltr'><strong>ipsius</strong></span> <span class='ocrx_word' id='word_1_180' title='bbox 815 3801 971 3855; x_wconf 87' lang='lat' dir='ltr'><strong>naturae</strong></span> <span class='ocrx_word' id='word_1_181' title='bbox 1000 3785 1203 3880; x_wconf 82' lang='lat' dir='ltr'><strong>perfectio·</strong></span> 
     </span>
    </p>
   </div>
   <div class='ocr_carea' id='block_1_4' title="bbox 0 0 1326 4484">
    <p class='ocr_par' dir='ltr' id='par_1_5' title="bbox 0 0 1326 4484">
     <span class='ocr_line' id='line_1_27' title="bbox 0 0 1326 4484; baseline 0 0"><span class='ocrx_word' id='word_1_182' title='bbox 0 0 1326 4484; x_wconf 95' lang='lat' dir='ltr'><strong> </strong></span> 
     </span>
    </p>
   </div>
  </div>
 </body>
</html>
