2642 4484
594 280 644 358 45

117 488 349 546 removetur.
386 475 488 544 Nam
512 493 608 568 quae
631 467 750 574 modo
774 470 1019 566 exprimenda
1041 489 1117 547 tra·

119 605 224 680 ditur
256 604 525 679 determinatio
560 600 802 690 substantiae,
839 625 861 674 a
895 605 1117 696 substantia,

118 765 238 838 quum
271 739 366 811 haec
400 737 488 808 suis,
510 759 549 807 se
586 734 733 806 viribus
765 758 845 807 non
879 734 1117 827 determinet,

117 895 273 970 prorsus
300 885 357 939 est
381 868 513 940 aliena.
537 867 866 938 Determinatione
879 867 998 968 igitur
1010 869 1120 942 modi

116 1027 192 1075 nec
218 1000 463 1097 distinguitur
486 999 694 1072 substantia
716 1023 840 1095 neque
865 998 914 1071 ad
937 1023 977 1070 se
999 1001 1121 1096 ipsam

119 1130 342 1206 reflectitur.
398 1115 511 1229 Quod
539 1156 618 1204 non
654 1130 871 1202 continetur
899 1130 977 1204 unit
1007 1149 1121 1230 atque

119 1267 297 1366 simplici
313 1261 539 1358 substantii,
578 1262 821 1335 distinctione
851 1279 940 1337 cnm
958 1289 1014 1350 ea
1041 1291 1121 1339 non

120 1397 378 1496 conjungitur,
405 1396 622 1468 distinctam
644 1420 724 1468 non
746 1397 929 1492 proponit
952 1398 1121 1470 substan·
1187 1397 1189 1405 '

119 1531 224 1618 tiam,
251 1529 320 1602 sed
344 1529 612 1602 alienationem
637 1550 658 1597 a
681 1527 892 1599 substantia
910 1528 1121 1602 alienatam.

92 1723 93 1726 ,
118 1663 299 1734 Alienum
324 1677 452 1731 autem
475 1659 552 1731 hoc
577 1683 598 1729 a
621 1683 662 1730 se
684 1658 769 1754 ipso
793 1659 931 1755 ipsum,
956 1660 1062 1756 quod
1081 1663 1122 1733 in

120 1797 198 1866 alio
224 1809 282 1864 est
307 1791 479 1886 alioque3
502 1763 552 1846 -ἐ-
581 1787 629 1862 ad
654 1787 759 1862 alind
783 1815 931 1889 semper
955 1808 995 1864 et
1018 1793 1124 1866 aliud

121 1947 199 2021 quo
236 1917 501 1996 definitionem
535 1946 642 1996 suam
673 1918 850 2020 perficiat
876 1923 1123 2017 determinet·

122 2079 209 2152 que,
241 2055 520 2148 transmittitur,
552 2080 749 2155 nunqnam
769 2083 877 2147 vero,
905 2076 952 2130 nt
973 2059 1120 2157 perfec·
1215 2088 1217 2093 ·

118 2204 203 2260 tum
226 2188 276 2261 sit
298 2191 340 2260 in
364 2212 403 2259 se
432 2188 530 2284 ipso,
562 2189 608 2261 ‘ut
639 2189 746 2262 aliud
774 2214 888 2263 omne
916 2193 959 2262 in
987 2209 1123 2265 semet·
1236 2166 1239 2169 x

117 2321 202 2418 ipso
240 2321 433 2393 contineat
470 2320 814 2416 comprehensum,
849 2337 909 2390 nt
928 2322 1018 2395 alias
1053 2324 1121 2398 has
1135 2348 1142 2401 ¹.

119 2453 258 2524 formas
298 2453 341 2522 in
379 2475 486 2522 suam
519 2451 684 2522 formam
723 2451 936 2541 convertat,
974 2471 1021 2527 nt
1047 2479 1122 2530 sua

119 2583 238 2676 ipsius
273 2581 516 2654 distinctione
543 2581 829 2669 determinetur,
864 2588 1011 2682 assequi
1032 2613 1121 2686 pro·

120 2738 252 2810 gressu
281 2715 324 2786 in
352 2709 549 2786 infinitum
576 2715 647 2788 illo
682 2731 822 2812 potest.
880 2723 1014 2815 ltaque
1043 2746 1125 2794 mo·
1214 2704 1216 2707 V

121 2847 190 2930 dus
226 2872 305 2920 non
339 2848 466 2918 minus
505 2846 750 2922 distinetione
792 2865 896 2920 caret
932 2850 1120 2940 distincta,-

120 3005 233 3076 quant
256 2981 464 3053 substantia
487 2982 659 3076 infinita,
684 2981 864 3065 -haee,
887 3015 939 3034 -
967 2981 1055 3076 quia
1079 2983 1120 3057 in

121 3133 159 3181 se
182 3129 357 3199 remanet,
377 3110 458 3181 fixa
486 3137 610 3208 neque
633 3113 675 3184 in
700 3107 954 3186 differentiam
978 3135 1119 3194 certam

120 3263 160 3310 se
187 3241 362 3336 expellit3
385 3276 438 3298 -
461 3240 541 3327 ille,
570 3281 620 3298 -
643 3244 754 3338 quia,
779 3260 825 3317 nt
853 3244 1118 3325 definitionem

119 3397 199 3444 non
231 3395 279 3442 ex
310 3372 386 3444 alio
417 3372 558 3444 habeat
579 3374 842 3470 repetendam,
874 3379 943 3452 sed
967 3388 1119 3481 opposi-

119 3504 225 3576 tione
250 3503 406 3600 proprii
432 3506 718 3605 complectatur,
743 3512 875 3606 nequit
899 3510 1058 3587 efficere.

215 3640 341 3732 Quum
365 3638 485 3736 igitur
507 3639 715 3714 substantia
739 3637 937 3716 affimatio
959 3659 1007 3715 -et
1030 3667 1119 3719 oon·

121 3763 240 3838 elusio
271 3771 320 3842 sit
350 3772 433 3865 sui,
469 3771 607 3846 modus
635 3773 696 3846 sui
721 3775 841 3873 ipsius
870 3797 956 3850 ase
980 3778 1129 3885 aliena-9
