2642 4484
502 318 653 396 ’67

130 489 255 594 ,ρπῑιῑμΙ
281 510 416 580 incitet
442 507 490 581 ad
515 485 730 607 agendum(
767 512 905 583 Coroll.
931 521 979 588 11.
1016 516 1126 594 Solus

131 643 260 727 „Deus
292 661 350 713 est
383 666 492 714 causa
521 643 659 728 libera,
695 647 800 715 Deus
827 643 928 715 eninr
952 647 1052 719 solus
1078 676 1127 726 ex
1171 676 1173 685 ·

130 777 234 862 „sola
267 793 354 847 suae
386 794 541 847 naturae
573 775 794 846 necessitate
826 765 972 864 existit,
1010 799 1049 850 et
1079 807 1126 855 ex

130 905 235 992 „sole
259 933 347 980 suae
371 926 527 980 naturae
546 911 767 982 necessitate
788 910 864 1008 agit
889 909 1127 1002 (addeschu-

129 1037 251 1126 „lium
275 1041 371 1137 seq.)
420 1045 533 1139 Prop.
562 1053 619 1121 18.
652 1048 758 1116 Deus
790 1032 848 1113 est
872 1022 1045 1122 onmium
1068 1070 1139 1133 re·¹

129 1197 240 1258 „rum
279 1197 387 1246 causa
421 1174 649 1262 immanens,
690 1199 769 1248 non
803 1201 895 1248 vero
929 1181 1124 1252 transiens.

129 1308 265 1402 „Prop.
305 1329 361 1398 19.
413 1311 518 1378 Deus
553 1306 631 1378 sive
668 1282 794 1378 oinnia
828 1307 913 1400 ejus'
944 1312 1127 1384 attributa

129 1455 241 1524 „sunt
267 1457 429 1511 aeterna.
479 1435 591 1534 Prop.
619 1461 677 1512 520.
701 1422 779 1509 D'ei
805 1441 1004 1512 existentia
1030 1441 1127 1532 ejus·

126 1595 226 1667 „que
253 1574 412 1643 essentia
437 1595 557 1643 unum
582 1589 621 1640 et
644 1571 749 1641 idem
779 1589 879 1644 sunt.
927 1567 1040 1669 Prop.
1067 1595 1125 1647 21.

127 1704 289 1792 „Omnia
315 1725 411 1797 quae
437 1727 484 1770 ex
516 1701 688 1772 absoluta
713 1700 847 1772 natura
882 1697 1040 1795 aiicujus
1073 1723 1126 1778 at·

12 1831 13 1842 ¹
128 1829 292 1922 „tributi
327 1833 401 1902 Dei
430 1834 667 1928 sequuntur,
714 1851 863 1931 semper
903 1853 941 1910 et
975 1833 1126 1910 infinita

12 2019 14 2056 ἱ
128 1961 316 2053 „existere
343 1961 559 2036 debuerunt
583 1967 662 2038 sive
686 1967 876 2064 peridem
899 1966 1127 2042 attributum
1147 1949 1152 1962 ⁸

127 2115 305 2187 „aeterna
330 2116 369 2168 et
391 2094 544 2190 infinita
568 2117 670 2174 sunt.
704 2107 832 2196 'Prop.
851 2123 907 2173 aa.
935 2101 1127 2196 Quicquid

125 2245 201 2317 „ex
227 2227 353 2328 aliquo
378 2233 453 2301 Dei
479 2233 682 2318 attributo,
715 2249 899 2328 quatenus
931 2227 1127 2300 mortificas

127 2379 236 2450 „tum
262 2381 318 2434 est
342 2362 411 2456 tali
435 2359 740 2445 modificatione,
775 2385 870 2458 quae
897 2380 936 2432 et
960 2385 1127 2432 necessa·

128 2497 212 2581 „rio
239 2489 278 2564 et
301 2490 452 2567 infinita
476 2517 546 2590 per
569 2495 673 2566 idem
686 2495 826 2579 existit,
852 2492 1036 2590 seqnitur,
1063 2495 1127 2566 de·

128 2627 221 2713 „bct
253 2651 404 2725 quoque
437 2643 475 2698 et
499 2628 708 2698 necessario
742 2645 780 2696 et
810 2622 1005 2696 infinitum
1032 2628 1128 2697 exisa

127 2775 247 2846 „tere
296 2754 409 2855 Prop.
437 2767 496 2856 24.
530 2763 673 2852 Rerum
698 2783 718 2828 a
742 2763 828 2830 D'eo
853 2756 1129 2854 productamm

128 2883 416 2978 „essentia'non
440 2893 605 2964 involvit
630 2893 881 2966 existentiam.
927 2885 1040 2982 Pr'op.
1068 2906 1126 2975 25.

129 3027 367 3110 „Deus'non
398 3041 547 3095 tantum
584 2994 640 3095 est
673 3029 782 3094 c'ausa
813 3017 975 3093 efficiens
1000 3043 1130 3093 rerum

130 3156 399 3252 „existentiae,
450 3157 518 3224 sed
559 3157 674 3226 etiam
720 3139 916 3258 essentiae.
946 3229 954 3242 ἦ
986 3155 1128 3228 ΟοτοΠ.

130 3289 230 3372 „Res
255 3279 499 3380 particulares
525 3287 625 3356 nihil
649 3303 750 3368 sunt,
776 3279 848 3353 nisi
871 3255 948 3353 Dei
971 3286 1130 3357 attribu·

131 3431 298 3505 „torum
314 3409 530 3488 affectiones
555 3419 636 3488 sive
661 3417 779 3488 modi.
828 3422 943 3512 Prop.
965 3422 1022 3487 26.
1054 3417 1129 3485 Res

131 3574 255 3646 „quae
283 3545 330 3621 ad
356 3545 499 3644 aliquid
525 3543 760 3645 operandum
786 3549 1033 3620 determinata
1061 3563 1129 3633 est,

135 3707 183 3766 „a
217 3685 302 3754 Deo
329 3681 552 3754 ¹necessarii)
590 3683 644 3752 sic
679 3680 755 3753 fuit
790 3675 1056 3785 determinata3
1095 3695 1135 3752 et

134 3815 262 3910 ,utute
284 3811 407 3887 tneo
431 3837 510 3886 non
535 3832 593 3888 est
618 3815 880 3896 determinem,
905 3833 983 3880 non
1006 3823 1135 3906 potest

877 3941 939 4013 ,δ’
1111 3934 1112 3937 '
