2642 4484
668 216 998 369 ⁷0⁴¹

287 476 371 546 Hac
397 482 523 538 autem
549 436 774 540 definitione
797 471 902 539 Deus
928 465 1071 539 dicitur
1095 464 1192 550 tolli,

193 608 234 684 in
261 603 305 674 ei
331 600 534 675 ameismus
558 601 694 674 inesse.
741 596 780 670 Si
812 623 904 670 vero
935 616 1056 673 totam
1087 596 1194 669 verbi

193 735 405 834 potentiam
430 733 529 806 serio
553 734 691 804 volunt
710 722 924 826 exprimere
943 747 1193 819 accusatores3
1310 726 1311 747 *

195 886 284 942 sunt
308 890 398 962 prae
420 865 595 944 omnibus
615 864 893 961 interrogandis
922 864 1019 960 quid
1044 861 1197 934 tandem

197 998 370 1082 sitistud,
396 995 499 1090 quod
516 996 590 1092 ipsi
610 1000 695 1065 Deo
717 997 871 1090 cupiant
886 996 1064 1092 intelligi,
1085 1017 1199 1090 quan·

198 1129 408 1226 doquidem
426 1129 527 1202 nihil
553 1151 698 1213 eorum,
727 1151 822 1220 quae
842 1130 1006 1224 Spinoza
1029 1124 1199 1210 affirmet,

197 1265 238 1338 in
257 1266 342 1336 Deo
360 1283 438 1348 esso
458 1261 688 1333 existiment.
722 1265 790 1330 Est
808 1285 895 1333 sane
916 1260 1076 1341 illanon
1095 1261 1201 1331 abso·

197 1395 279 1470 luta
292 1394 368 1464 Dei
379 1392 584 1488 expositim
601 1392 791 1464 nonenim
801 1391 978 1489 procedit
988 1417 1050 1479 eo,
1064 1411 1110 1464 ut
1127 1387 1203 1464 effi·

200 1527 337 1604 ciantia
350 1525 481 1603 diviua
492 1524 633 1620 spiritu
648 1541 778 1603 sancto
789 1522 959 1610 infletur,
980 1549 1000 1594 e
1017 1520 1203 1616 mysterio

199 1683 276 1731 suo,
293 1659 333 1731 in
358 1660 487 1734 lucem
509 1657 649 1728 mentis
676 1658 870 1730 absolutae
899 1656 1134 1752 profanatum
1160 1669 1206 1722 ut

199 1795 304 1863 Deus
326 1791 560 1887 tripartitam
584 1813 691 1861 suam
716 1790 934 1885 triplicique
963 1789 1208 1862 distinctione

202 1895 420 1996 conclusam
443 1939 618 1999 naturam
649 1921 819 2016 perfecte
850 1941 1028 2017 exponat.
1082 1927 1209 2014 Atque

202 2051 482 2126 assentiendum
505 2069 562 2126 est
581 2053 738 2160 omuino
755 2053 854 2122 veris
876 2050 1080 2150 theologis,
1106 2036 1210 2126 hunc
1308 2057 1312 2081 ¹

200 2189 242 2261 in
266 2187 429 2283 Spinoaa
456 2183 650 2256 defectum
676 2183 708 2253 si
733 2183 919 2276 aperiunt.
945 2223 996 2241 ·-
1032 2187 1211 2264 Substcn·
1310 2227 1313 2238 «

201 2321 295 2394 tiam
320 2337 449 2392 autem
471 2341 519 2390 ne
544 2317 700 2404 initium
732 2315 888 2411 quidem
910 2313 1030 2411 idque
1053 2309 1131 2406 jam
1155 2337 1212 2386 sa·

202 2452 252 2524 tis
293 2452 490 2524 excultum
532 2449 673 2526 mentis
716 2448 869 2528 divinae
903 2448 983 2526 sive
1016 2448 1212 2527 absolutae

206 2584 439 2664 continere,.
461 2576 663 2662 efficientii
694 2575 847 2657 infinita
877 2581 1065 2668 veritatis,
1101 2574 1213 2652 causi

205 2715 275 2797 sui,
301 2709 509 2784 necessaria
533 2713 724 2796 libertate,
747 2710 871 2783 liberi
890 2713 1124 2786 necessitatis
1145 2735 1212 2808 po·
1315 2742 1316 2807 q

167 2845 169 2852 '
205 2846 328 2918 tentiis
358 2845 435 2916 Dei
466 2842 728 2917 absconditam
757 2860 932 2914 naturam
955 2845 1070 2933 ⁸nullo
1094 2842 1213 2918 modo
1315 2888 1316 2897 κ

208 2978 361 3074 attingi3
407 2977 483 3048 hoo
514 2975 587 3049 nisi
619 2975 666 3046 ab
702 2975 916 3079 ignorantia
941 2977 1217 3073 cogitationum

207 3109 419 3206 logicarum
448 3111 582 3205 nequit
614 3107 810 3195 contendi.
859 3112 913 3179 Ut
940 3107 1066 3206 igitur,
1088 3131 1216 3183 exam·

208 3241 274 3336 plo
307 3241 533 3328 illustretur,
573 3238 669 3336 quid
699 3241 861 3326 eveniat,
880 3243 928 3326 si
959 3243 1042 3337 quis
1075 3243 1217 3339 cogita·

137 3451 141 3458 ⁸
209 3372 315 3446 tione
347 3370 521 3442 absoluta
551 3397 630 3445 non
656 3371 794 3445 ductus
821 3372 868 3444 de
892 3373 1133 3468 Spinozismo
1158 3373 1216 3442 lo·

211 3523 367 3602 quatur,
411 3501 704 3576 famosissimum
737 3506 923 3601 Spinozae
958 3502 1215 3578 adversarium

212 3637 468 3710 adhibeamus.
535 3635 617 3708 Fiet
654 3637 756 3706 enim
797 3637 959 3712 clarumz
999 3634 1061 3721 ld,
1098 3629 1216 3731 ¹quod

212 3791 402 3840 summum
424 3766 582 3845 Jacobio
608 3791 688 3876 esse
712 3766 902 3854 videatur,
927 3766 981 3854 id,
1015 3767 1120 3864 quod
1140 3763 1216 3840 sibi
