2642 4484
185 387 190 402 ¹
229 430 291 492 ne,
326 431 346 477 a
377 427 416 476 se
447 402 528 498 ipsa
559 397 616 472 est
647 402 779 492 aliena,
816 425 940 498 neque
976 425 1049 498 per
1079 427 1122 474 se
1151 427 1235 500 per·

230 539 331 614 iacta
365 553 477 633 atque
515 534 700 609 absoluta.
761 542 888 633 Quum
918 537 1039 632 igitur
1068 561 1147 608 una
1178 561 1234 606 ea-

231 671 394 766 demque
419 662 555 741 effecta
581 668 790 742 substantia
815 671 1032 766 negantiam
1057 670 1236 741 inclusio·

229 807 287 876 nis
317 827 406 877 suae
430 803 583 897 pariter,
615 818 730 897 atque
754 798 1058 888 affirmationem,
1090 817 1236 872 antece·

229 932 545 1010 dentem'habeat
570 933 813 1028 etalienam3
839 937 1015 1032 negantia
1040 934 1160 1030 ipsius
1182 950 1238 1004 est

230 1085 338 1146 extra
362 1089 477 1138 unam
507 1081 620 1162 atque
651 1066 811 1137 eandem
834 1068 1099 1154 substantiam,
1131 1084 1237 1139 extra

230 1199 284 1286 ia,
321 1199 427 1298 quod
458 1200 586 1271 estin
618 1223 657 1270 se
688 1223 731 1270 ac
754 1224 824 1295 per
848 1225 901 1287 se,
933 1224 1025 1298 ergo
1055 1201 1099 1271 in
1131 1191 1236 1272 diffe-

228 1334 350 1406 rentia
376 1333 508 1420 aliena,
533 1333 575 1403 in
599 1333 675 1410 alio
700 1349 741 1402 et
757 1319 806 1403 ad
823 1332 928 1404 aliud
942 1332 1127 1407 refertur.
1164 1333 1236 1404 Ab·

228 1467 353 1540 soluta
379 1483 506 1538 autem
529 1491 599 1564 per
622 1491 663 1536 se
688 1465 808 1563 ipsam
838 1467 1015 1563 negantia
1041 1466 1092 1539 ad
1117 1491 1159 1538 se
1183 1465 1236 1570 ip·

228 1624 309 1674 sam
331 1599 505 1698 negando
530 1623 570 1672 se
595 1598 724 1685 refert,
759 1625 802 1672 se
825 1599 1041 1696 simplicem
1067 1625 1150 1672 esse
1174 1621 1237 1668 ne·

229 1732 396 1832 gantiam
425 1749 549 1831 negat,
582 1733 814 1829 opponendo
844 1759 884 1805 se
914 1734 988 1805 sibi
1003 1799 1006 1805 ,
1020 1730 1236 1806 affirmatio·

228 1891 318 1936 nem
356 1865 420 1936 sui
457 1849 670 1937 absolutam
705 1867 904 1959 producit,
947 1861 1239 1938 affirmationem

229 1977 503 2079 affirmationis,
546 1995 758 2088 negationis
796 1997 1013 2091 negantiam
1058 1995 1238 2068 absolvit.

228 2123 477 2222 Spinozistica
509 2126 685 2220 negantia
716 2125 766 2196 ad
796 2126 901 2196 aliud
924 2151 964 2196 se
988 2123 1122 2207 refert,
1158 2149 1239 2198 non

227 2283 268 2332 se
300 2260 421 2354 ipsam
456 2227 580 2354 negat,
617 2273 675 2328 est
698 2281 806 2355 ergo,
843 2258 1035 2354 habetque
1065 2255 1126 2329 ia.
1150 2280 1241 2329 cum

231 2387 477 2463 affirmatione
508 2390 675 2487 simplici
706 2415 920 2479 commune,
950 2409 1098 2463 utnon
1123 2411 1242 2487 nege·

228 2539 305 2594 tur.
354 2527 423 2594 Est
451 2523 570 2620 igitur
600 2525 827 2622 simpliciter
853 2525 968 2598 simul
990 2525 1031 2596 in
1055 2549 1096 2596 se
1122 2538 1239 2618 atque

227 2655 269 2727 in
288 2632 547 2728 affirmatione.
593 2660 748 2729 Etenim
771 2659 972 2755 negatione
996 2633 1237 2738 inclusionis,

226 2787 475 2884 negandique
506 2787 629 2860 alieni
660 2785 819 2862 effectus
849 2789 985 2861 naturai
1015 2808 1126 2860 causa
1162 2787 1236 2869 sui,

226 2921 435 2993 substantia
449 2943 488 2991 se
501 2916 678 3015 affimrat3
699 2939 740 2992 et
758 2945 877 3018 quum
889 2923 1054 2993 inclusio
1067 2921 1135 2993 illa
1147 2919 1235 2992 sim·

156 3028 164 3046 ,
224 3054 316 3150 pler
340 3030 516 3150 negantia
539 3055 590 3126 sit
613 3055 674 3126 sui
693 3050 970 3147 etaffirmatio;
994 3049 1236 3148 simplexsui

222 3185 398 3281 negantia
413 3186 454 3257 in
474 3182 722 3260 affirmatione
740 3188 799 3259 sui
816 3183 980 3273 infiniti,
1006 3187 1050 3258 in
1062 3186 1235 3258 substan·

225 3318 280 3392 tia
292 3315 457 3410 estipsa.
488 3319 527 3388 si
540 3337 652 3407 vero,
662 3293 734 3417 pro
751 3346 797 3393 eo
815 3345 859 3392 ac
872 3320 999 3405 debet,
1021 3335 1129 3390 extra
1146 3316 1237 3390 sub·

224 3452 400 3522 stantiam
415 3450 567 3544 negatio
584 3453 754 3547 ponitur,
776 3453 810 3523 si
830 3475 902 3535 ase
915 3450 1057 3522 dicitur
1068 3474 1150 3520 esse
1168 3449 1237 3519 ali·

224 3607 313 3676 ena3
339 3582 385 3655 ab
406 3604 451 3652 ea
471 3585 672 3680 negatione
699 3602 758 3656 est
773 3584 907 3669 aliena,
932 3606 1028 3680 quae
1051 3606 1072 3652 a
1091 3585 1236 3674 seipsa

222 3717 341 3788 restat
365 3713 504 3808 aliern
526 3714 657 3825 itaque
674 3743 755 3792 non
773 3731 834 3788 est
853 3739 877 3786 a
895 3739 937 3788 se
956 3716 1039 3810 ipsa
1059 3709 1235 3796 alienata,

1162 3839 1233 3916 sed
