2642 4484
576 277 626 356 ⁶5

98 467 379 564 exstinctasque
415 466 513 540 sinat
556 465 735 540 describi.
797 469 966 567 Simplex
1005 477 1102 551 haec

94 603 312 674 intellectus
340 623 428 674 cum
452 589 662 672 substantia
687 597 907 689 conjunctio
939 608 1100 703 impedit

95 735 264 831 quidenn
292 731 495 828 quominus
519 726 586 802 ille
610 757 632 804 a
657 734 818 808 veritate
838 739 1017 833 principii
1035 745 1099 814 ab.

94 884 215 959 erret3
245 866 367 938 simul'
392 880 519 935 autem
543 882 601 936 est
633 889 760 955 causa,
796 892 865 942 cur
894 894 957 956 ea,
988 896 1097 967 quae,

91 1001 123 1072 si
150 1022 284 1094 perse
310 1011 567 1093 exponuntur,
592 999 748 1071 omnino
773 1001 846 1076 sibi
869 1021 1094 1101 repugnant,

7 1195 9 1204 .
91 1129 202 1204 nullo
227 1153 381 1226 prorsus
405 1128 524 1202 modo
551 1132 741 1203 contraria
763 1126 849 1219 sibi,
875 1135 943 1208 sed
962 1137 1096 1212 eadem

94 1263 194 1348 facts
210 1264 442 1338 substantiae
464 1262 608 1334 viribus
631 1286 711 1334 esse
727 1264 929 1343 videantur
944 1287 984 1340 et
1000 1289 1095 1344 tam.

94 1421 210 1494 quam
238 1395 383 1470 mortui
411 1395 560 1471 ininsici
582 1396 628 1470 in
657 1417 737 1469 uuo
772 1397 1004 1474 substantiae
1039 1428 1097 1476 se.

93 1530 230 1626 pulcro
257 1529 464 1626 quiescant.
566 1579 573 1586 -

375 1737 659 1836 Definitio
702 1739 813 1817 Dei.

191 1911 370 1978 Attamen
393 1903 435 1975 in
459 1905 694 2008 simplicibus
719 1907 780 1980 his
800 1909 1096 2006 cogitationibus

90 2036 148 2107 vis
177 2053 234 2108 est
259 2039 380 2110 onmis
406 2053 445 2108 et
469 2061 614 2135 sununs
639 2040 891 2134 spinosismi3
913 2068 984 2116 nec
1006 2070 1098 2119 vere

7 2227 8 2248 2
91 2168 158 2240 hic
182 2186 311 2266 potest
337 2171 533 2268 cognosci,
565 2171 639 2243 nisi
671 2173 759 2246 illae
784 2174 954 2269 perfecte
979 2203 1098 2272 expo·

89 2321 242 2380 uantur.
293 2305 427 2376 Cetera
453 2305 580 2376 omnia
605 2328 653 2374 ex
678 2305 737 2374 his
765 2305 884 2375 initiis
916 2304 1097 2380 facillime

95 2436 358 2525 deducuntur3
391 2434 449 2506 sin
480 2434 575 2506 haec
602 2424 780 2506 distincte
804 2461 883 2508 non
907 2456 997 2510 sunt
1021 2439 1099 2512 dis·

9 2597 11 2605 ’
94 2570 234 2652 tincta,
264 2565 412 2662 reliqua
442 2566 482 2636 in
515 2564 649 2642 dubio,
666 2591 818 2666 necesse
849 2586 906 2640 est
929 2593 1099 2645 remane·

93 2717 170 2772 ant.
222 2705 304 2796 Qua
330 2698 377 2770 tie
404 2721 513 2772 causa
538 2699 696 2772 omnino
722 2717 778 2774 est
804 2699 1012 2793 rejicienda
1040 2729 1099 2778 ra·

92 2834 328 2917 siccorum,
360 2831 427 2927 qui
461 2830 644 2927 opinione
669 2834 830 2926 possessi
856 2834 932 2905 hoo
961 2833 1098 2920 solum,

93 2989 213 3066 quum
244 2963 292 3038 ad
322 2965 525 3059 Spinozam
557 2965 763 3052 accedunt,
794 2963 1101 3058 investigandum

93 3104 319 3194 opinantur;
350 3112 483 3166 utrum
514 3097 661 3170 scilicet
693 3095 941 3192 cogitationes
966 3094 1101 3190 Spino-

93 3254 161 3306 zae
196 3251 283 3298 cum
314 3248 360 3300 eo
391 3245 547 3321 prorsus
583 3230 831 3312 conveniant,
868 3225 974 3322 quod
991 3228 1100 3324 ‚ipsis

93 3357 366 3458 imaginatione
406 3359 470 3434 vel
508 3361 735 3432 auctositste
774 3357 980 3453 probatum
1020 3384 1101 3436 esse

94 3493 286 3570 videatur.
350 3491 404 3566 Hi
445 3491 739 3586 cogitationibus
779 3485 960 3582 infinitis,
1003 3514 1100 3586 quae

96 3624 390 3699 tundamentum
403 3621 548 3728 faciunt
560 3622 770 3709 docuisse,
784 3621 975 3719 neglectis
987 3622 1103 3695 omis·

97 3755 242 3854 sisque,
266 3755 308 3828 id
332 3756 407 3836 sibi
429 3772 585 3830 sumunt
610 3753 965 3854 contemplandum,
995 3755 1103 3854 quod

389 3888 392 3898 .
627 3891 631 3896 .
879 3882 906 3952 ὅ
