2642 4484
589 207 639 284 ῃ
719 246 722 252 ,

394 401 813 478 'Ocurorui

212 541 325 611 Haec
359 551 416 606 est
454 533 636 630 cogitatio
675 534 833 604 maximi
869 535 910 604 in
946 536 1119 628 philoso-

9 661 13 674 '
117 671 249 767 phiam
279 689 434 740 omnam
461 663 658 736 momenti.
716 664 778 736 -Ei
814 667 915 737 enirn
945 669 1119 744 infinitae

120 800 362 900 cogitationis
388 798 542 871 initium
567 799 795 871 continetur.
845 800 967 870 Finita
993 803 1121 898 cogni·

118 938 177 1008 tio
208 958 288 1005 non
318 930 486 1003 admittit
518 953 667 1026 causam
694 929 886 1005 infinitam
901 987 904 992 -
919 932 1004 1004 rive.
1036 957 1122 1006 can·

122 1091 203 1139 sam·
235 1064 312 1151 sui,
337 1065 422 1135 hoc
457 1080 530 1149 est,
569 1087 673 1150 cam,
710 1089 805 1162 quae
837 1092 858 1136 a
885 1061 932 1138 aa
955 1067 1040 1162 ipra
1074 1067 1124 1142 ad

122 1171 311 1298 agendum
341 1197 541 1284 excitetur,
572 1213 791 1287 natantum
818 1199 941 1292 ipsam
973 1196 1121 1290 efficiat,

119 1333 198 1405 sive
230 1348 429 1402 externam·
453 1355 499 1402 so
525 1329 639 1400 faciat
672 1345 712 1400 et
740 1354 789 1400 ex
814 1327 955 1415 effectu
977 1336 1019 1404 in
1042 1358 1122 1406 seso

119 1461 352 1538 reflectatur.
392 1484 394 1488 ’
423 1461 716 1558 circumscripta
743 1461 926 1542 iinibua¹
957 1461 1123 1538 «internis

119 1593 217 1670 ratio
247 1597 322 1668 nisi
352 1596 503 1666 finitam
531 1619 610 1665 non
642 1591 801 1664 adhibet
835 1594 1003 1683 causam,
1044 1599 1125 1668 siva

120 1731 254 1815 talem,
296 1729 416 1822 qualis
450 1725 573 1798 aliena
605 1725 646 1794 vi
678 1741 897 1814 moveatur,
938 1729 979 1806 in
1007 1727 1125 1801 ‘aliam

121 1884 220 1939 rem,
236 1874 334 1954 agat,
353 1857 478 1928 aliam
510 1855 702 1945 conficiat,
733 1883 857 1955 neque
887 1865 1125 1934 econtrario

121 1993 163 2065 in
187 2016 227 2063 se
251 1990 374 2085 ipsam
397 1995 438 2061 'se
459 1988 629 2078 reducat,
655 1991 724 2064 sed
749 2018 903 2066 omnem
925 1995 1030 2068 hunc
1044 2019 1125 2070 rno-

119 2141 208 2198 tum!
226 2123 282 2195 ita
305 2123 444 2194 habeat
468 2149 489 2196 a
513 2127 758 2215 scalmum,
782 2144 828 2198 ut
852 2144 892 2200 et
916 2127 989 2199 alia
1014 2128 1126 2200 causa

112 2257 220 2362 actio
257 2259 376 2350 ipsius
414 2275 546 2356 agatur
584 2254 818 2353 effectusque
849 2259 899 2328 sit
927 2259 1051 2344 illius,
1085 2276 1126 2330 et

121 2387 309 2462 efficentia
339 2391 423 2483 ipsa
448 2391 573 2476 alieno
598 2385 741 2460 effectu
763 2413 804 2461 so
827 2389 976 2484 perdat,
1005 2391 1048 2462 in
1072 2392 1127 2463 ei·

123 2521 246 2619 iactos
277 2537 453 2592 naturam
488 2519 804 2618 transgrediatur,
840 2524 964 2620 neque
996 2548 1124 2600 exeo

121 2653 169 2734 in.
193 2675 233 2727 se.
262 2651 555 2759 redeatipsarn.
604 2657 712 2727 Haec
735 2651 865 2753 'nequa
888 2657 1042 2728 initium
1068 2682 1128 2730 ac·

120 2783 239 2858 tionis
264 2807 353 2855 suae
377 2809 448 2856 nec
472 2783 591 2868 finem
614 2789 656 2858 in
680 2813 720 2859 se
748 2791 831 2884 ipsa
861 2789 1051 2879 continet3
1085 2790 1127 2858 in
1204 2810 1207 2814 ·

119 2893 322 3024 utramqoe
350 2935 500 3012 partem
531 2937 694 3006 externo
716 2919 795 2992 fine
820 2920 967 3003 finitur,
1005 2919 1128 2992 alieni

125 3051 234 3126 causi
265 3049 500 3122 sollicitatur
526 3049 776 3148 efficiturque,
806 3051 851 3120 in·
869 3051 1041 3125 'alienum
1066 3079 1125 3127 ca-

127 3177 184 3250 dit
219 3157 411 3262 effectum,
450 3179 517 3273 qni
554 3183 675 3254 aliena
708 3183 748 3252 vi
779 3184 833 3252 in⁴
856 3196 1012 3257 causam¹
1042 3189 1123 3282 ipse

124 3327 309 3392 mutatur.
365 3309 438 3405 Qui
467 3325 594 3382 motus
623 3313 665 3382 in
696 3337 739 3383 ea
768 3314 824 3386 es't
846 3317 1006 3406 ratione,
1040 3345 1127 3390 cau·

98 3430 208 3520 ¹sam.
244 3444 412 3517 alienam.
446 3442 495 3514 in.
526 3441 692 3514 alienum
731 3441 909 3521 effectum
947 3449 1123 3538 deducit,

124 3575 227 3656 hunc
252 3578 293 3648 in
319 3599 469 3650 causam
494 3598 612 3671 aeque
637 3574 786 3650 finitam
809 3581 979 3665 revertit,
1014 3596 1053 3652 et
1077 3583 1125 3656 ab

127 3727 173 3786 ta.
194 3732 305 3808 cansa
318 3733 455 3809 ¹rursus
480 3707 529 3780 ad
553 3735 717 3810 aequum
740 3707 921 3788 offectura
935 3715 1124 3807 procedit,
