2642 4484
562 342 568 353 ‘
649 322 722 397 m

442 541 851 692 'trare

279 800 531 874 Manifestum
555 782 798 872 estfactum:
824 802 968 871 malum
987 800 1195 871 alienatum

185 959 266 1008 esse
297 959 319 1005 a
348 950 476 1004 mente
506 932 548 1004 in
578 960 617 1005 se
647 936 761 1021 bona,
798 950 837 1005 et
871 949 999 1004 tamen
1031 932 1078 1004 ad
1109 954 1196 1003 eam

184 1068 333 1139 referri,
391 1055 625 1138 Affectiones
655 1066 747 1140 inde
786 1084 1002 1138 enascentes
1034 1070 1196 1136 servim-

186 1218 265 1269 tem
290 1194 458 1273 efficiunt
481 1200 652 1274 rationis.
697 1198 902 1272 Tollendis·
917 1196 1196 1294 intelligendis·

186 1354 262 1426 que
296 1325 563 1404 allectionibus
601 1358 707 1443 mpns
743 1332 784 1402 in
818 1332 1037 1403 libertatem
1069 1332 1115 1401 ab
1145 1330 1195 1399 iis

186 1488 226 1533 se
252 1464 406 1548 attollit,
433 1490 547 1559 seque
572 1465 614 1536 in
638 1468 678 1536 se'
695 1464 818 1561 cogit.
850 1485 959 1560 prop.
987 1484 1023 1554 3.
1056 1456 1197 1547 „affec-

187 1611 293 1682 „tus,
329 1597 393 1691 qui
426 1599 550 1692 passio
583 1612 656 1683 est,
695 1596 832 1668 desinit
861 1620 940 1666 esse
970 1596 1111 1690 passio,
1146 1598 1197 1664 si-

187 1728 296 1813 „mul
325 1720 544 1824 atque'ejus
570 1732 711 1802 claram
742 1746 782 1799 et
807 1729 1026 1799 distinctam
1057 1726 1198 1797 forma·

186 1883 296 1945 „mus
324 1860 492 1932 ideam.“
540 1863 710 1959 Intelligi
734 1877 905 1959 possunt,
942 1862 1029 1956 quia
1054 1860 1199 1955 simpli-

186 1993 282 2060 citer
305 2010 393 2062 sunt
418 2016 506 2063 cum
531 2011 658 2065 mente
685 1992 923 2084 conjunctae.
977 1994 1199 2093 Intelligere

186 2146 246 2193 eas
277 2122 377 2193 nihil
408 2135 466 2195 est
495 2127 568 2197 nisi
599 2127 648 2197 ad
672 2126 920 2197 substantiam
946 2146 1006 2198 eas
1031 2129 1197 2221 restim

103 2329 109 2340 ,
184 2278 294 2351 prop.
328 2274 386 2344 25.
448 2262 648 2342 „Summus
680 2261 819 2330 mentis
852 2276 1008 2331 conatus
1034 2284 1200 2329 summa·

187 2398 288 2483 „que
313 2388 434 2458 virtus
466 2400 524 2460 e'st
547 2405 607 2461 res
632 2391 849 2489 intelligere
881 2390 976 2461 ideis
1013 2392 1200 2487 adaequa-

188 2521 260 2605 „tis
286 2523 561 2593 attributorum
584 2526 856 2597 substantiae.“

280 2656 388 2722 Haec
419 2669 558 2739 autem,
591 2680 687 2751 quae
718 2674 774 2727 est
805 2656 847 2727 in
870 2670 999 2728 mente
1025 2656 1198 2752 cognitio

186 2774 418 2854 substantiae
462 2785 576 2855 rebus
625 2794 821 2883 expressae
866 2790 945 2859 sive
985 2812 1117 2859 rerum
1154 2789 1198 2859 in

100 3008 103 3016 Α
187 2915 435 2986 substantiam
467 2902 733 3003 reductorum,
774 2920 815 2989 in
853 2914 1102 2991 substantiam
1140 2938 1199 2991 est

187 3068 305 3141 aeque
329 3046 474 3118 inclusa
500 3026 612 3143 atque
639 3050 686 3154 ab
712 3049 756 3123 ei
770 3052 904 3122 'aliena
929 3052 1170 3147 relinquitur,

281 3176 496 3248 Substantia
515 3204 554 3249 se
574 3182 721 3254 inclusi
742 3184 980 3270 alienatione,
1007 3185 1085 3254 sive
1106 3186 1197 3254 alie·

187 3305 276 3379 nati
297 3332 414 3404 aeque
436 3326 549 3405 atque
570 3314 717 3385 inclusi
732 3332 859 3385 mente
887 3315 1194 3421 comprehendit,

188 3440 284 3511 adeo
325 3458 369 3511 ut
406 3445 713 3537 comprehensio,
757 3470 853 3542 quas
888 3466 1048 3518 vocatur
1085 3446 1195 3517 adae·
1252 3540 1262 3553 ι

188 3590 314 3669 quata,
339 3597 416 3645 non
440 3576 557 3670 magis
583 3576 631 3647 ad
649 3594 816 3649 mentem
836 3577 1053 3664 humanam,
1079 3602 1195 3674 quam

188 3704 237 3775 ad
261 3706 508 3776 substantiam
532 3707 581 3775 sit
603 3707 815 3781 referenda.
841 3734 950 3805 prop.
968 3714 1027 3800 36.
1056 3715 1194 3796 „Men-

190 3838 263 3921 ‚,tis
300 3860 388 3934 erga
424 3840 552 3907 Deum
582 3861 688 3922 amor
721 3840 989 3913 intellectualis
1025 3859 1081 3912 est
1109 3810 1193 3937 ipse
