2642 4484
684 301 736 380 28

213 495 548 592 singidumqueee
580 489 725 562 fuctum
761 491 835 563 sibi
865 508 1056 587 opponat,
1094 515 1211 589 quum

211 628 404 724 singulum
441 620 633 719 pn‘ncipio
665 622 752 694 ἰιοιι
789 625 840 695 ιιι
878 624 1110 718 implicitum
1145 625 1212 697 sed

213 759 361 835 actione
387 754 468 848 ejus
493 755 663 851 potitum
687 770 733 823 et·
746 755 940 828 sublatum
963 757 1069 828 etin
1095 757 1212 828 actio·

211 915 301 964 nem
323 892 445 985 ipsam
470 876 708 960 conversum}
755 888 941 960 Liberum
963 889 1083 986 igitur
1109 891 1212 985 prin·

212 1025 355 1120 cipium
378 1020 545 1094 liberum
570 1018 712 1090 emittit
735 1019 940 1116 singidum,
971 1021 1145 1094 absolute
1170 1019 1212 1092 id

210 1152 477 1230 concludendo
504 1151 676 1224 absolute
705 1151 889 1226 excludit.

406 1435 675 1514 dementia
706 1434 1011 1511 substanciae.

226 1613 234 1624 ⁸
303 1641 378 1736 Sed
415 1665 463 1712 ex
501 1613 568 1712 illa
604 1640 688 1738 ipsu
721 1641 954 1714 substantiae
994 1640 1036 1712 in
1068 1640 1210 1738 princi·

204 1773 313 1872 pium
331 1799 443 1845 suum
455 1774 689 1875 inclusione,
709 1798 785 1870 que
809 1765 858 1846 ad
882 1801 922 1850 se
948 1776 1069 1847 solam
1092 1774 1210 1845 refer·

203 1926 285 1993 tur,
317 1924 357 1977 et
382 1931 466 2005 arse
490 1905 573 1978 solt
599 1903 863 2000 distinguitur,
894 1908 1001 2001 sequi
1034 1924 1208 2005 apparett

201 2041 444 2138 hanc1psam
469 2037 519 2109 ob
546 2057 708 2118 causum,
733 2034 823 2131 quia
847 2057 977 2107 secum
1000 2035 1133 2108 eadem
1158 2042 1210 2110 sit

201 2172 428 2256 substantia,
456 2161 610 2240 differre
635 2188 720 2236 eam
746 2190 766 2235 a
790 2189 850 2250 se,
878 2184 922 2242 et
947 2167 1054 2276 quasi
1080 2167 1207 2262 dupli·

201 2331 285 2378 cem
320 2327 416 2389 esse,
456 2299 498 2370 in
522 2268 797 2374 differentium
831 2297 891 2370 sui
924 2315 1038 2395 atque
1075 2321 1207 2370 rerum

199 2439 311 2520 inire.
361 2433 407 2505 ld
439 2431 545 2528 quod
575 2433 740 2527 Spinozu
764 2438 846 2506 VII.
879 2457 947 2506 sua
971 2456 1088 2528 prop..
1109 2427 1205 2506 affir-

197 2583 296 2652 mat,
339 2563 420 2652 „ad
453 2581 629 2636 naturam
662 2565 856 2661 pertinere
890 2565 1121 2638 substantiae
1157 2579 1206 2634 ut

198 2703 348 2774 existat
350 2705 373 2739 ‘⁶
399 2735 449 2752 -
496 2701 622 2793 Atque
654 2719 775 2812 quunt
804 2696 940 2796 naturi
965 2693 1203 2807 immanenti,

195 2831 406 2906 inclusione
441 2829 551 2902 illa
538 2854 620 2926 ipsa
655 2856 678 2902 a
707 2855 748 2901 se
778 2815 989 2901 substantia
1022 2826 1216 2924 excludas

194 2941 276 3056 tur}
301 2989 380 3034 ιιοιι
371 2948 527 3034 aliena
551 2961 592 3032 vi
616 2953 708 3049 ulla,
733 2949 801 3032 ded
825 2987 895 3034 suo
919 2951 1040 3058 ipsius
1057 2961 1204 3059 princi·

193 3095 259 3191 pio
286 3093 335 3167 ad
366 3071 609 3166 existendum
637 3080 882 3191 perducitur,
913 3097 1048 3194 suique
1074 3098 1130 3167 ita
1159 3095 1202 3165 in

194 3221 450 3298 differentiam
476 3225 675 3297 eductae
654 3250 743 3351 ipsa
768 3245 826 3298 est
851 3253 961 3300 causa
992 3226 1101 3318 (vide
1134 3227 1200 3298 de·

190 3353 258 3432 fin.
284 3363 313 3432 1.
332 3357 558 3457 Spinozae),
585 3360 770 3480 „essentia
794 3343 913 3488 ipsine
936 3340 1103 3486 invoivit
1133 3385 1199 3430 ne·
1209 3340 1213 3356 ι

190 3485 352 3565 cessatio
376 3475 636 3605 existentiatu,
668 3484 753 3608 nec
773 3510 907 3601 natum
932 3470 1028 3582 ejus
1044 3493 1196 3628 concipi

65 3649 69 3659 ·
188 3605 366 3758 putest
338 3621 412 3695 nisi
437 3623 614 3700 existens.
618 3631 642 3665 ‘⁴
