2642 4484
576 276 735 366 ⁴79,

34 495 40 508 '
100 479 230 571 Itaque
260 467 481 542 manilestus
513 484 570 538 est
593 465 701 537 e'rror
724 456 870 553 eorum,
902 474 972 565 qui
996 473 1098 570 cogi.

99 611 283 681 tationem
308 626 396 675 cum
421 603 642 674 extensione
667 626 688 672 a
713 602 875 697 Spinoza
902 604 1098 691 conlundi,

99 736 214 812 fixam
241 738 470 808 extensionis
496 734 658 808 fonnem
683 756 770 807 cum
796 734 974 806 distincti
998 739 1099 833 cogi·
1126 824 1135 832 ἢ

99 872 254 944 tationis
283 869 417 942 naturi
450 887 563 966 atque
579 869 741 941 ,annone
771 868 1009 938 commisceri
1044 850 1101 938 ai·

99 1006 300 1076 bitrantur.
350 1004 431 1073 Etsi
457 1001 673 1072 distinctam
699 999 939 1098 cogitationis
966 1001 1013 1072 ab
1036 1014 1102 1072 ex'·

100 1139 272 1210 tensione
312 1134 603 1208 distinctionem·
632 1128 795 1231 Spinoza
830 1161 909 1209 non
944 1158 1102 1233 cognos-

102 1287 179 1357 cat,
211 1283 338 1340 tamen
373 1271 607 1366 implicatam
635 1293 716 1341 non
743 1270 870 1362 ¹tollit3
906 1273 951 1338 et'
982 1290 1102 1363 quum

101 1398 315 1476 differentia
339 1405 434 1475 haec
460 1401 649 1474 attributa
663 1400 873 1471 substantii
897 1397 974 1468 nni
1001 1423 1103 1470 com·

100 1536 329 1632 prehendat,
366 1557 446 1607 non
475 1554 635 1604 vacuam
667 1555 688 1600 a
718 1525 933 1604 differentia
962 1548 1003 1602 et
1024 1534 1104 1604 ina-

99 1689 187 1738 nem
211 1668 461 1739 substantiam
489 1663 580 1734 ideo
612 1663 716 1733 facit.
763 1646 856 1735 Non
884 1664 939 1735 ita
974 1679 1105 1735 exten·

100 1801 247 1872 sionem
270 1796 503 1869 substantiae
526 1795 721 1891 proponit,
748 1811 803 1882 ut,
827 1796 921 1868 licet
935 1814 1105 1891 separata

101 1955 120 2002 a
146 1929 335 2024 principio
360 1925 473 2020 hujus
501 1927 698 2026 dissipatio
723 1936 803 2002 esse
820 1925 1037 2018 definiatur,
1055 1964 1106 1987 -·

101 2083 218 2131 unam
248 2079 375 2132 tamen
406 2078 519 2156 atque
549 2061 709 2132 eandem
747 2087 834 2133 cum
872 2066 1105 2162 cogitatione

101 2191 238 2268 efficiat
261 2196 353 2266 vim.
402 2199 528 2291 Atque
558 2197 591 2267 si
611 2194 801 2267 dicimus:
831 2195 1105 2268 Exten'sionem

101 2327 336 2400 substantiae
378 2329 649 2422 cogitationem
690 2351 770 2397 esse
808 2327 944 2423 ipsius3
980 2359 1030 2381 —-
1062 2329 1104 2401 in

100 2461 264 2556 simplici
303 2459 377 2530 hac
412 2483 482 2554 per
522 2449 685 2528 verbim
725 2481 805 2529 esse
846 2453 1107 2534 differentium

102 2593 346 2686 copulatione
363 2591 502 2662 vitium
519 2573 619 2661 inest
633 2590 899 2693 necessat-iiim,
925 2594 1106 2689 quoniam

102 2723 366 2816 conjunctioni
402 2721 526 2815 major
560 2724 745 2796 nibuitur
775 2743 961 2820 potestas,
992 2748 1107 2822 qoam

104 2853 342 2928 differentiae
366 2873 489 2928 totam
514 2879 647 2959 aeque
662 2858 911 2931 substantiam
937 2878 1107 2955 compre·

101 2990 299 3060 hendenti.
330 2991 485 3062 Rectius
508 3012 598 3088 ergo
612 2991 807 3083 'dicasmuta
831 2992 1108 3065 Extensionem

100 3143 226 3217 neque
257 3125 529 3218 cogitationem
558 3144 684 3218 neqne
721 3124 1001 3213 extensionem,
1034 3123 1107 3199 sed

103 3231 344 3325 efficientiam
367 3257 581 3352 simplicem
610 3277 689 3326 esse
719 3257 951 3328 'extensionis
977 3254 1017 3329 in
1044 3281 1106 3330 co·

91 3387 327 3491 gitationem
351 3411 431 3458 sese
456 3388 727 3474 convertentis,
758 3389 838 3460 sive
863 3392 1104 3489 cogitationis

101 3541 142 3590 se
168 3523 252 3590 ase
276 3521 359 3616 ipsa
384 3520 635 3592 extendentis'.

176 3654 349 3724 “certior
388 3656 443 3725 sic
471 3635 731 3750 'repugnantia
767 3677 897 3752 torsus
938 3670 1104 3752 apparet,

102 3757 228 3882 quim
254 3783 333 3878 jaan
367 3789 409 3860 in
444 3785 637 3861 attsibntis
669 3790 880 3885 generatim
911 3791 1103 3886 conceptis
