2642 4484
314 454 518 523 Possumus
547 453 622 523 hac
651 452 694 519 in
722 473 765 519 re
789 450 905 519 etiam
927 447 1026 519 illud
1055 447 1230 519 breviter

224 582 424 677 attingere,
462 584 570 690 guod
599 606 718 676 aeque
750 606 773 651 e
795 580 963 675 simplici
987 580 1230 676 cogitationis

225 717 531 811 extensionisque
562 713 833 804 conjunctione
864 730 922 783 est
946 712 1232 797 deducendum,

225 868 455 941 quamquam
484 874 594 921 cansa
624 850 704 938 jana
731 851 794 919 sui
818 846 1051 940 implicitum
1073 845 1116 917 id
1140 868 1233 915 con·

225 980 341 1050 tinet:
390 985 538 1065 Causas,
562 1006 656 1075 quas
681 999 823 1051 vocant
843 976 977 1051 finales
1000 980 1082 1049 sive
1105 1003 1234 1049 remo·

224 1127 281 1183 tas
315 1114 359 1181 in
381 1116 612 1188 substantiae
647 1115 882 1209 principium
914 1137 936 1183 a
965 1114 1129 1207 Spinoza
1153 1136 1235 1181 non

225 1240 392 1329 admitti,
427 1247 652 1326 immanenti
684 1263 854 1331 tantum,
892 1242 1071 1319 efficienti
1106 1246 1238 1314 solum

227 1346 340 1447 causi
371 1379 622 1453 substantiam
655 1374 829 1462 definiti,
871 1378 1033 1472 append.
1067 1393 1162 1469 part.
1199 1382 1235 1445 Ι.

133 1592 143 1607 Ι
226 1531 339 1603 prop.
366 1516 412 1582 16
437 1529 477 1584 et
500 1514 635 1587 corolt
660 1536 771 1607 prop.
796 1532 858 1601 52.
908 1511 1098 1605 Cogitatio
1122 1512 1238 1581 nimi·

226 1662 316 1715 mm
337 1644 571 1717 substantiae
601 1671 681 1717 non
708 1646 764 1715 ita
787 1646 909 1715 estin
932 1668 973 1713 se
997 1645 1078 1739 ipsa
1102 1658 1142 1711 et
1165 1666 1238 1736 per

226 1794 269 1842 sc
297 1775 419 1868 ipsam
449 1774 622 1863 deffinita,
651 1794 698 1851 ut
724 1773 845 1850 finem
874 1776 1054 1847 distincte
1080 1776 1236 1845 distinc-

128 1948 135 1959 ·
227 1916 314 1976 tum
334 1908 379 1979 in
401 1933 442 1977 se
464 1913 548 2002 ipsa
563 1910 880 2005 comptehendat,
906 1909 1162 2001 distinctaque
1176 1932 1236 1977 ac-

228 2032 338 2108 tione
360 2041 403 2109 in
426 2064 487 2110 res
511 2058 687 2113 externas
710 2042 880 2125 inducat,
914 2060 955 2111 et
985 2067 1034 2111 ex
1065 2042 1236 2111 externis

227 2169 465 2264 interpositis
490 2174 720 2247 existentem
735 2170 892 2251 efficiat.
919 2175 1153 2268 Simpliciter
1168 2198 1238 2268 po·

228 2303 305 2377 tius
335 2329 426 2379 sum
454 2310 690 2393 extensione,
724 2334 747 2384 a
777 2332 851 2403 qua
875 2307 1030 2377 initium
1055 2306 1175 2375 sumit
1202 2323 1239 2375 et

227 2427 359 2520 finem,
402 2442 618 2533 copulatur.
672 2442 907 2517 Extensione
931 2440 981 2509 ad
1009 2434 1128 2509 finem
1153 2462 1239 2533 per·

231 2566 407 2647 ducendi
438 2582 478 2642 et
506 2574 548 2641 in
570 2574 727 2650 initium
752 2572 923 2669 cogendi
954 2571 1134 2666 cogitatio
1172 2570 1239 2641 dc·

228 2722 336 2771 mum
364 2701 447 2793 ipsa
477 2699 653 2781 efficitur.
715 2711 766 2787 Ut
796 2705 864 2799 sit,
905 2704 954 2775 ad
989 2728 1079 2773 eum
1114 2698 1239 2773 finem

227 2856 306 2905 non
336 2835 418 2929 ipsa
446 2835 524 2905 suis
555 2834 683 2908 tendit
710 2836 874 2925 vitibus3
913 2835 1146 2908 extensionis
1171 2834 1239 2903 hic

229 2961 317 3037 finis
356 2967 627 3063 cogitationem
677 2968 880 3041 antecedit.
910 3012 913 3017 -
949 2974 1055 3062 Quae
1096 2991 1117 3039 e
1158 2961 1240 3037 fine

230 3097 463 3173 extensionis
494 3101 535 3175 in
555 3101 722 3175 'initium
752 3116 892 3173 coacto
924 3100 1073 3172 exsistit
1097 3099 1240 3194 cogita·

229 3228 299 3310 15⁰,
323 3225 412 3303 finis
435 3232 504 3306 ille
529 3249 586 3307 est
608 3234 710 3327 ipse3
732 3250 935 3327 acceptum·
959 3233 1077 3328 igitur
1102 3230 1150 3301 ab
1175 3254 1241 3299 ex·

229 3359 405 3433 tensione
437 3363 480 3435 in
514 3389 584 3443 suo
625 3367 739 3437 initio
772 3361 891 3435 finem
929 3364 1112 3459 cogitatio
1149 3360 1241 3431 reti·

228 3511 312 3579 net,
358 3518 483 3590 neque
506 3498 628 3590 ipsa,
671 3520 783 3590 quem
827 3496 993 3608 demung
1023 3497 1066 3565 in
1108 3510 1241 3565 exten·

228 3623 376 3695 sionem
404 3629 575 3725 inducat,⁸
592 3676 595 3682 ·
611 3628 688 3700 sibi
717 3624 836 3700 finem
860 3627 1053 3721 proponit.
1103 3632 1242 3717 Itaque

229 3759 409 3851 cogitatio
440 3762 673 3831 substantiae
708 3761 808 3833 nihil
845 3774 902 3828 est
925 3757 1020 3841 nisi,
1040 3758 1139 3831 actio
1175 3779 1241 3827 ex·
