2642 4484
711 266 761 344 at

234 461 317 557 ‘ipsa
344 455 620 530 attributorum
642 455 938 552 modorumque·
957 454 1238 561 acciderqui·

236 614 368 677 nozae,
400 614 523 685 neque
550 612 710 676 causam,
738 612 805 659 cur
829 585 1094 676 adhibeantur,
1115 559 1239 661 'ullam

238 717 380 795 afferri.
438 721 679 793 Attributum
713 724 855 815 pariter
884 745 927 793 ac
956 719 1093 792 modus
1122 721 1241 794 verba

237 873 326 928 sunt
359 839 524 924 incertae
559 845 864 949 significationis,
901 876 972 924 uec
1006 853 1162 948 propria
1199 869 1241 925 et

237 983 421 1084 peculiari
455 983 544 1078 ipsis
575 983 615 1054 vi
645 1007 741 1054 cum.
762 985 972 1055 substantia
1003 982 1241 1082 conjungun-

237 1137 312 1191 tur.
362 1115 513 1188 Etenim
545 1116 649 1211 quod
680 1132 737 1187 est
766 1115 931 1188 maxime
964 1112 1239 1204 definiendum,

238 1249 423 1322 attributo
453 1249 536 1321 solo
560 1272 639 1320 non
665 1246 904 1344 exprimitur,
929 1245 1081 1320 cuinam
1103 1250 1146 1322 id
1169 1252 1240 1337 rei,

239 1383 372 1455 ceteris
407 1381 581 1468 exclusis,
613 1380 756 1453 ¹debeat
785 1379 960 1471 attribui3
1003 1380 1140 1453 modus
1176 1407 1241 1453 su·

237 1535 317 1589 tem
340 1539 410 1612 per
434 1530 554 1586 semet
578 1514 716 1610 ipsum,
745 1535 859 1608 quam
883 1511 932 1582 ad
953 1526 1128 1621 naturam
1150 1539 1242 1609 pro·

236 1650 319 1744 prie
348 1647 558 1744 pertineat„
583 1647 721 1716 certius
753 1669 832 1716 uon
863 1643 1041 1716 declarat,
1089 1645 1154 1714 Sin
1180 1670 1240 1714 ac·

238 1781 403 1852 curatius
442 1780 523 1848 vim
560 1802 690 1850 earum
724 1759 934 1850 formarum
965 1775 1142 1846 volumus
1182 1774 1239 1844 di-

236 1913 427 2006 stinguere
458 1925 497 1978 et
528 1909 711 1980 attributa
742 1933 789 1980 eo
819 1910 974 1981 nomine
1004 1929 1238 2003 nuncupare,

236 2039 341 2136 quod
366 2063 386 2108 a
410 2037 520 2110 uobis
547 2039 753 2109 adhibetur
760 2061 772 2130 3
799 2040 1027 2111 attributum
1045 2041 1124 2110 sive
1148 2063 1240 2136 qua-

234 2175 383 2246 litatem
419 2195 499 2242 non
536 2171 578 2240 in
618 2170 849 2242 substantiae
892 2196 915 2242 a
954 2196 994 2247 se
1039 2172 1239 2244 distinctae

234 2305 423 2401 principio
457 2319 569 2400 atque
602 2297 803 2372 efficientia
834 2327 922 2374 cum
952 2303 1135 2400 Spinoza3
1169 2304 1240 2374 sed

234 2437 276 2506 in
308 2442 396 2506 Esse
428 2433 592 2531 simplici
628 2449 668 2504 et
697 2458 785 2505 cum
821 2431 1046 2509 definitione
1082 2457 1239 2532 prorsus

236 2566 372 2637 eodem
401 2589 544 2660 ponere
584 2565 778 2638 debemus.
834 2573 961 2664 Atque
997 2567 1163 2639 eundem
1195 2567 1239 2639 in

233 2699 363 2771 locum
391 2696 541 2782 modus
560 2714 617 2768 est
649 2697 896 2794 ablegandum
936 2723 1024 2771 nam
1048 2701 1238 2796 squalitate

233 2833 275 2904 in
300 2829 549 2925 quantitatem
580 2829 860 2916 commutanda,
892 2847 931 2900 et
960 2832 1171 2927 quantitate
1193 2831 1238 2899 in

191 2939 193 2944 ,
235 2964 455 3059 qualitatem
484 2957 729 3046 reflectentia,
761 2960 898 3032 modus
927 2963 1044 3034 simul
1074 2959 1237 3036 efficitur

235 3112 274 3166 et
297 3101 386 3164 Esse
412 3094 460 3166 ad
483 3089 602 3164 finem
625 3095 801 3189 pervenit
824 3118 949 3167 suum.
980 3097 1237 3191 Quamobrem

235 3249 353 3323 quum
376 3225 512 3296 modus
536 3222 614 3316 jam
637 3225 719 3320 ipse
743 3221 862 3297 fixam
878 3227 1068 3323 qualitatis
1094 3244 1133 3297 et
1147 3227 1236 3298 sim·

233 3359 371 3454 plicem
398 3357 509 3426 tollat
532 3372 725 3450 naturam3
751 3359 972 3445 substantia,
999 3357 1106 3450 cujus
1130 3359 1235 3454 prin·

235 3468 378 3585 cipitim
414 3503 471 3556 est
508 3483 707 3560 efficientia
740 3486 909 3575 infinita,
946 3491 1071 3560 multo
1105 3491 1233 3562 minus

231 3622 273 3691 in
299 3647 338 3690 se
357 3620 496 3690 tolerat
514 3618 736 3712 qualitatem
758 3621 838 3690 sive
861 3621 1100 3707 attributum,
1126 3621 1233 3717 quod

230 3777 374 3840 revera,
398 3790 449 3808 --
471 3766 515 3821 ut
539 3748 696 3845 quidem
707 3751 868 3846 Spinoza
894 3747 1062 3840 affirmat,
1087 3790 1137 3810 -
1161 3777 1231 3850 per
